{
    "status": true,
    "statusCode": 200,
    "data": [
        {
            "security_id": "d3798eab-34d2-4348-bbe4-a6082bd40147",
            "fiscal": 2010,
            "quarter": 1,
            "cash": "114472214813",
            "da": "12104606276",
            "debt_to_equity": "1.40677",
            "equity": "452529516807",
            "earning_per_share": "0.8117",
            "earning_per_share_yoy": null,
            "earning_per_share_qoq": null,
            "gpm": "9.40884",
            "gross_profit": "42282945173",
            "net_profit": "23020744458",
            "net_profit_yoy": null,
            "net_profit_qoq": null,
            "npm": "5.1226",
            "revenue": "449395968400",
            "revenue_yoy": null,
            "revenue_qoq": null,
            "roa": "7.93497",
            "roe": "20.3485",
            "sga": "10185244632",
            "sga_per_revenue": "2.26643",
            "total_debt": "636606196570",
            "dividend_yield": "3.24",
            "book_value_per_share": "151.45",
            "close": "16.9287",
            "mkt_cap": "742788634750",
            "price_earning_ratio": "12.47",
            "price_book_value": "1.73",
            "ev_per_ebit_da": "6.92764",
            "ebit_dattm": null,
            "paid_up_capital": null,
            "cash_cycle": "37.08889",
            "operating_activities": "40221213510",
            "investing_activities": null,
            "financing_activities": "1395237208",
            "asset": "1160470483768",
            "end_of_year_date": null
        },
        {
            "security_id": "4c5e3bef-2c3b-44aa-a1c7-7c15e402c06f",
            "fiscal": 2010,
            "quarter": 2,
            "cash": "87385751402",
            "da": "13137404625",
            "debt_to_equity": "1.35913",
            "equity": "456851605163",
            "earning_per_share": "0.5872",
            "earning_per_share_yoy": null,
            "earning_per_share_qoq": "-27.658",
            "gpm": "8.51136",
            "gross_profit": "42187162602",
            "net_profit": "16684563802",
            "net_profit_yoy": null,
            "net_profit_qoq": "-27.52379",
            "npm": "3.36615",
            "revenue": "495657237843",
            "revenue_yoy": null,
            "revenue_qoq": "10.2941",
            "roa": "5.7695",
            "roe": "14.67773",
            "sga": "10693883325",
            "sga_per_revenue": "2.15752",
            "total_debt": "620922208827",
            "dividend_yield": "3.44",
            "book_value_per_share": "159.6",
            "close": "15.4239",
            "mkt_cap": "698218927950",
            "price_earning_ratio": "9.29",
            "price_book_value": "1.54",
            "ev_per_ebit_da": "6.62247",
            "ebit_dattm": null,
            "paid_up_capital": null,
            "cash_cycle": "37.53835",
            "operating_activities": "14733393874",
            "investing_activities": null,
            "financing_activities": "-16534417069",
            "asset": "1153015336724",
            "end_of_year_date": null
        },
        {
            "security_id": "9e44e034-4a9b-4aa9-b85c-c3619ac5dd9c",
            "fiscal": 2010,
            "quarter": 3,
            "cash": "122011674295",
            "da": "14557532827",
            "debt_to_equity": "1.35437",
            "equity": "466938756341",
            "earning_per_share": "0.7635",
            "earning_per_share_yoy": null,
            "earning_per_share_qoq": "30.02384",
            "gpm": "8.8701",
            "gross_profit": "40926766403",
            "net_profit": "21704577958",
            "net_profit_yoy": null,
            "net_profit_qoq": "30.08778",
            "npm": "4.70406",
            "revenue": "461401321490",
            "revenue_yoy": null,
            "revenue_qoq": "-6.91121",
            "roa": "7.457",
            "roe": "18.79611",
            "sga": "11390034781",
            "sga_per_revenue": "2.46857",
            "total_debt": "632408539173",
            "dividend_yield": "2.85",
            "book_value_per_share": "160.92",
            "close": "18.7457",
            "mkt_cap": "844208667225",
            "price_earning_ratio": "11.74",
            "price_book_value": "1.85",
            "ev_per_ebit_da": "6.87632",
            "ebit_dattm": null,
            "paid_up_capital": null,
            "cash_cycle": "32.89733",
            "operating_activities": "44858180988",
            "investing_activities": null,
            "financing_activities": "7840918067",
            "asset": "1175488576799",
            "end_of_year_date": null
        },
        {
            "security_id": "f80d540d-4674-4c50-8c1c-658d28842455",
            "fiscal": 2010,
            "quarter": 4,
            "cash": "135631977083",
            "da": "12943348020",
            "debt_to_equity": "1.38073",
            "equity": "490925052279",
            "earning_per_share": "0.759",
            "earning_per_share_yoy": null,
            "earning_per_share_qoq": "-0.58939",
            "gpm": "9.1926",
            "gross_profit": "45370070332",
            "net_profit": "21677833083",
            "net_profit_yoy": null,
            "net_profit_qoq": "-0.12322",
            "npm": "4.39223",
            "revenue": "493550032516",
            "revenue_yoy": null,
            "revenue_qoq": "6.96762",
            "roa": "7.15252",
            "roe": "18.10515",
            "sga": "7178406167",
            "sga_per_revenue": "1.45444",
            "total_debt": "677834940848",
            "dividend_yield": "2.64",
            "book_value_per_share": "164.08",
            "close": "20.1974",
            "mkt_cap": "910661288000",
            "price_earning_ratio": "11.88",
            "price_book_value": "1.95",
            "ev_per_ebit_da": "7.04239",
            "ebit_dattm": null,
            "paid_up_capital": null,
            "cash_cycle": "39.06281",
            "operating_activities": "52970516047",
            "investing_activities": null,
            "financing_activities": "11059583049",
            "asset": "1249147515191",
            "end_of_year_date": null
        },
        {
            "security_id": "20ae805a-9ca7-493d-9863-f57a1b1b8d98",
            "fiscal": 2010,
            "quarter": 9,
            "cash": "135631977083",
            "da": "52742891748",
            "debt_to_equity": "1.38073",
            "equity": "490925052279",
            "earning_per_share": "2.9214",
            "earning_per_share_yoy": null,
            "earning_per_share_qoq": null,
            "gpm": "8.98771",
            "gross_profit": "170766944510",
            "net_profit": "83087719301",
            "net_profit_yoy": null,
            "net_profit_qoq": null,
            "npm": "4.37303",
            "revenue": "1900004560249",
            "revenue_yoy": null,
            "revenue_qoq": null,
            "roa": "6.65155",
            "roe": "16.92473",
            "sga": "24893926477",
            "sga_per_revenue": "1.3102",
            "total_debt": "677834940848",
            "dividend_yield": "2.64",
            "book_value_per_share": "164.08",
            "close": "20.1974",
            "mkt_cap": "910661288000",
            "price_earning_ratio": "11.88",
            "price_book_value": "1.95",
            "ev_per_ebit_da": "7.04239",
            "ebit_dattm": null,
            "paid_up_capital": null,
            "cash_cycle": "14.9363",
            "operating_activities": "152783304419",
            "investing_activities": null,
            "financing_activities": "3761321255",
            "asset": "1249147515191",
            "end_of_year_date": "2010-12-31T00:00:00+07:00"
        },
        {
            "security_id": "2f2ee9c7-8d12-4b4d-933e-8e470fb32c38",
            "fiscal": 2011,
            "quarter": 1,
            "cash": "104994915112",
            "da": "14719347390",
            "debt_to_equity": "1.46384",
            "equity": "506118132918",
            "earning_per_share": "1.1214",
            "earning_per_share_yoy": "38.15449",
            "earning_per_share_qoq": "47.74704",
            "gpm": "9.78829",
            "gross_profit": "52940642306",
            "net_profit": "34523889027",
            "net_profit_yoy": "49.9686",
            "net_profit_qoq": "59.25895",
            "npm": "6.38318",
            "revenue": "540857177515",
            "revenue_yoy": "20.35203",
            "revenue_qoq": "9.58508",
            "roa": "10.74324",
            "roe": "27.70102",
            "sga": "13734555672",
            "sga_per_revenue": "2.53941",
            "total_debt": "740876020105",
            "dividend_yield": "2.89",
            "book_value_per_share": "172.31",
            "close": "22.8675",
            "mkt_cap": "1008560876850",
            "price_earning_ratio": "12.14",
            "price_book_value": "2.05",
            "ev_per_ebit_da": "7.43839",
            "ebit_dattm": null,
            "paid_up_capital": null,
            "cash_cycle": "38.79486",
            "operating_activities": "47766996108",
            "investing_activities": null,
            "financing_activities": "17126486895",
            "asset": "1321688558275",
            "end_of_year_date": null
        },
        {
            "security_id": "f83736c8-ec0a-4c63-9326-908ace90e2f7",
            "fiscal": 2011,
            "quarter": 2,
            "cash": "97814145965",
            "da": "14620316782",
            "debt_to_equity": "1.4321",
            "equity": "525285926258",
            "earning_per_share": "1.1361",
            "earning_per_share_yoy": "93.47752",
            "earning_per_share_qoq": "1.31086",
            "gpm": "9.66279",
            "gross_profit": "62632780108",
            "net_profit": "32528190298",
            "net_profit_yoy": "94.95979",
            "net_profit_qoq": "-5.78063",
            "npm": "5.01835",
            "revenue": "648184977867",
            "revenue_yoy": "30.77283",
            "revenue_qoq": "19.84402",
            "roa": "9.71265",
            "roe": "25.23022",
            "sga": "15338425723",
            "sga_per_revenue": "2.36637",
            "total_debt": "752264382947",
            "dividend_yield": "3.05",
            "book_value_per_share": "177.45",
            "close": "21.4583",
            "mkt_cap": "955457863375",
            "price_earning_ratio": "10.1",
            "price_book_value": "1.89",
            "ev_per_ebit_da": "6.65172",
            "ebit_dattm": null,
            "paid_up_capital": null,
            "cash_cycle": "31.17763",
            "operating_activities": "1992455646",
            "investing_activities": null,
            "financing_activities": "-966603676",
            "asset": "1357553550800",
            "end_of_year_date": null
        },
        {
            "security_id": "0c38a419-6428-46a2-975c-4b6d7379dfaa",
            "fiscal": 2011,
            "quarter": 3,
            "cash": "97040113755",
            "da": "13610138646",
            "debt_to_equity": "1.42778",
            "equity": "529656829235",
            "earning_per_share": "0.7565",
            "earning_per_share_yoy": "-0.91683",
            "earning_per_share_qoq": "-33.41255",
            "gpm": "8.32479",
            "gross_profit": "53975041263",
            "net_profit": "21599343613",
            "net_profit_yoy": "-0.48485",
            "net_profit_qoq": "-33.59808",
            "npm": "3.33135",
            "revenue": "648365558443",
            "revenue_yoy": "40.52096",
            "revenue_qoq": "0.02786",
            "roa": "6.34337",
            "roe": "16.37954",
            "sga": "14270988951",
            "sga_per_revenue": "2.20107",
            "total_debt": "756235848548",
            "dividend_yield": "3.93",
            "book_value_per_share": "184.03",
            "close": "16.9152",
            "mkt_cap": "742139456500",
            "price_earning_ratio": "6.72",
            "price_book_value": "1.41",
            "ev_per_ebit_da": "5.80834",
            "ebit_dattm": null,
            "paid_up_capital": null,
            "cash_cycle": "42.20558",
            "operating_activities": "53101353684",
            "investing_activities": null,
            "financing_activities": "-33909113822",
            "asset": "1366468201551",
            "end_of_year_date": null
        },
        {
            "security_id": "0b1b875a-3c75-4499-89db-8f2890140360",
            "fiscal": 2011,
            "quarter": 4,
            "cash": "116132054671",
            "da": "17020559964",
            "debt_to_equity": "1.36434",
            "equity": "555920213946",
            "earning_per_share": "0.5833",
            "earning_per_share_yoy": "-23.14888",
            "earning_per_share_qoq": "-22.89491",
            "gpm": "9.12529",
            "gross_profit": "54328811380",
            "net_profit": "16644985886",
            "net_profit_yoy": "-23.21656",
            "net_profit_qoq": "-22.93754",
            "npm": "2.79576",
            "revenue": "595365266855",
            "revenue_yoy": "20.62916",
            "revenue_qoq": "-8.17445",
            "roa": "4.80916",
            "roe": "12.26628",
            "sga": "8776806901",
            "sga_per_revenue": "1.47419",
            "total_debt": "758463517690",
            "dividend_yield": "3.21",
            "book_value_per_share": "185.43",
            "close": "20.6886",
            "mkt_cap": "908303280750",
            "price_earning_ratio": "8.23",
            "price_book_value": "1.71",
            "ev_per_ebit_da": "6.41245",
            "ebit_dattm": null,
            "paid_up_capital": null,
            "cash_cycle": "44.65219",
            "operating_activities": "74689274252",
            "investing_activities": null,
            "financing_activities": "-27673856560",
            "asset": "1402412091722",
            "end_of_year_date": null
        },
        {
            "security_id": "da3b777d-82ba-4d6e-9c40-b2c8340fa5d8",
            "fiscal": 2011,
            "quarter": 9,
            "cash": "116132054671",
            "da": "59970362782",
            "debt_to_equity": "1.36434",
            "equity": "555920213946",
            "earning_per_share": "3.5973",
            "earning_per_share_yoy": "23.13617",
            "earning_per_share_qoq": null,
            "gpm": "9.03023",
            "gross_profit": "219268971273",
            "net_profit": "105296408824",
            "net_profit_yoy": "26.72921",
            "net_profit_qoq": null,
            "npm": "4.33646",
            "revenue": "2428164676896",
            "revenue_yoy": "27.79783",
            "revenue_qoq": null,
            "roa": "7.94222",
            "roe": "20.1169",
            "sga": "34567163446",
            "sga_per_revenue": "1.42359",
            "total_debt": "758463517690",
            "dividend_yield": "3.21",
            "book_value_per_share": "185.43",
            "close": "20.6886",
            "mkt_cap": "908303280750",
            "price_earning_ratio": "8.23",
            "price_book_value": "1.71",
            "ev_per_ebit_da": "6.41245",
            "ebit_dattm": null,
            "paid_up_capital": null,
            "cash_cycle": "11.21257",
            "operating_activities": "177550079690",
            "investing_activities": null,
            "financing_activities": "-45423087163",
            "asset": "1402412091722",
            "end_of_year_date": "2011-12-31T00:00:00+07:00"
        },
        {
            "security_id": "a2ce5ad5-7fce-4939-91c7-f8190e7265aa",
            "fiscal": 2012,
            "quarter": 1,
            "cash": "135776346955",
            "da": "15604910164",
            "debt_to_equity": "1.41872",
            "equity": "590344762595",
            "earning_per_share": "1.3089",
            "earning_per_share_yoy": "16.72017",
            "earning_per_share_qoq": "124.39568",
            "gpm": "8.35855",
            "gross_profit": "57849940957",
            "net_profit": "37385782841",
            "net_profit_yoy": "8.2896",
            "net_profit_qoq": "124.60688",
            "npm": "5.40175",
            "revenue": "692104826876",
            "revenue_yoy": "27.96443",
            "revenue_qoq": "16.24877",
            "roa": "10.2405",
            "roe": "26.09224",
            "sga": "15300914444",
            "sga_per_revenue": "2.21078",
            "total_debt": "837532459456",
            "dividend_yield": "3.67",
            "book_value_per_share": "194.63",
            "close": "23.3994",
            "mkt_cap": "1011130067250",
            "price_earning_ratio": "9.6",
            "price_book_value": "1.82",
            "ev_per_ebit_da": "6.95014",
            "ebit_dattm": null,
            "paid_up_capital": null,
            "cash_cycle": "23.65551",
            "operating_activities": "28921297780",
            "investing_activities": null,
            "financing_activities": "24682672089",
            "asset": "1518209747932",
            "end_of_year_date": null
        },
        {
            "security_id": "febd0f4b-2161-422b-b7ec-5eea6c929fa1",
            "fiscal": 2012,
            "quarter": 2,
            "cash": "96103646543",
            "da": "16629103440",
            "debt_to_equity": "1.39774",
            "equity": "582585743946",
            "earning_per_share": "0.298",
            "earning_per_share_yoy": "-73.76991",
            "earning_per_share_qoq": "-77.23279",
            "gpm": "8.62357",
            "gross_profit": "58883200779",
            "net_profit": "8513661519",
            "net_profit_yoy": "-73.82682",
            "net_profit_qoq": "-77.22754",
            "npm": "1.24684",
            "revenue": "682817257773",
            "revenue_yoy": "5.34296",
            "revenue_qoq": "-1.34193",
            "roa": "2.25972",
            "roe": "5.80676",
            "sga": "15390540114",
            "sga_per_revenue": "2.25398",
            "total_debt": "814302722353",
            "dividend_yield": "4.02",
            "book_value_per_share": "206.68",
            "close": "21.3503",
            "mkt_cap": "922584778875",
            "price_earning_ratio": "8.53",
            "price_book_value": "1.56",
            "ev_per_ebit_da": "7.29559",
            "ebit_dattm": null,
            "paid_up_capital": null,
            "cash_cycle": "13.17969",
            "operating_activities": "5759837021",
            "investing_activities": null,
            "financing_activities": "-21482409291",
            "asset": "1495853309646",
            "end_of_year_date": null
        },
        {
            "security_id": "67c001cd-91dd-41c5-bd06-5bc4a311dcf5",
            "fiscal": 2012,
            "quarter": 3,
            "cash": null,
            "da": "18392611522",
            "debt_to_equity": "1.54537",
            "equity": "592613527790",
            "earning_per_share": "1.2623",
            "earning_per_share_yoy": "66.86054",
            "earning_per_share_qoq": "323.5906",
            "gpm": "8.48929",
            "gross_profit": "58238668578",
            "net_profit": "36054151104",
            "net_profit_yoy": "66.92244",
            "net_profit_qoq": "323.48584",
            "npm": "5.25552",
            "revenue": "686025061043",
            "revenue_yoy": "5.80837",
            "revenue_qoq": "0.46979",
            "roa": "9.30714",
            "roe": "24.54334",
            "sga": "10293982364",
            "sga_per_revenue": "1.50053",
            "total_debt": "915807868556",
            "dividend_yield": "3.95",
            "book_value_per_share": "203.97",
            "close": "22.0754",
            "mkt_cap": "939722576625",
            "price_earning_ratio": "11.17",
            "price_book_value": "1.61",
            "ev_per_ebit_da": "7.16111",
            "ebit_dattm": null,
            "paid_up_capital": null,
            "cash_cycle": "17.82027",
            "operating_activities": "53022989776",
            "investing_activities": null,
            "financing_activities": "31774876973",
            "asset": "1603200468555",
            "end_of_year_date": null
        },
        {
            "security_id": "c723a01e-f279-4366-ba0b-9ab78e3bed69",
            "fiscal": 2012,
            "quarter": 4,
            "cash": "136917580000",
            "da": "17556188339",
            "debt_to_equity": "1.48511",
            "equity": "605783870318",
            "earning_per_share": "0.7948",
            "earning_per_share_yoy": "36.25921",
            "earning_per_share_qoq": "-37.03557",
            "gpm": "7.8517",
            "gross_profit": "57543969862",
            "net_profit": "22712217482",
            "net_profit_yoy": "36.45081",
            "net_profit_qoq": "-37.00526",
            "npm": "3.09901",
            "revenue": "732885914308",
            "revenue_yoy": "23.09853",
            "revenue_qoq": "6.83078",
            "roa": "5.61746",
            "roe": "15.16173",
            "sga": "13653454259",
            "sga_per_revenue": "1.86297",
            "total_debt": "899655887936",
            "dividend_yield": "3.91",
            "book_value_per_share": "207.48",
            "close": "22.2767",
            "mkt_cap": "948291475500",
            "price_earning_ratio": "9.62",
            "price_book_value": "1.6",
            "ev_per_ebit_da": "6.65427",
            "ebit_dattm": null,
            "paid_up_capital": null,
            "cash_cycle": "19.84618",
            "operating_activities": "89697365294",
            "investing_activities": null,
            "financing_activities": "-7264440829",
            "asset": "1631319940065",
            "end_of_year_date": null
        },
        {
            "security_id": "e5b0457c-a2a0-4765-acf4-a71d077d3ed4",
            "fiscal": 2012,
            "quarter": 9,
            "cash": "136917580000",
            "da": "68182813465",
            "debt_to_equity": "1.48511",
            "equity": "605783870318",
            "earning_per_share": "3.664",
            "earning_per_share_yoy": "1.85417",
            "earning_per_share_qoq": null,
            "gpm": "8.32247",
            "gross_profit": "232515780176",
            "net_profit": "104665812946",
            "net_profit_yoy": null,
            "net_profit_qoq": null,
            "npm": "3.74632",
            "revenue": "2793833060000",
            "revenue_yoy": "15.05946",
            "revenue_qoq": null,
            "roa": "6.90014",
            "roe": "18.01936",
            "sga": "39212450116",
            "sga_per_revenue": "1.40354",
            "total_debt": "899655887936",
            "dividend_yield": "3.91",
            "book_value_per_share": "207.48",
            "close": "22.2767",
            "mkt_cap": "948291475500",
            "price_earning_ratio": "9.62",
            "price_book_value": "1.6",
            "ev_per_ebit_da": "6.65427",
            "ebit_dattm": null,
            "paid_up_capital": null,
            "cash_cycle": "7.53348",
            "operating_activities": "177401489871",
            "investing_activities": null,
            "financing_activities": "27710698942",
            "asset": "1631319940065",
            "end_of_year_date": "2012-12-31T00:00:00+07:00"
        },
        {
            "security_id": "3e3ea974-7fc0-44a6-a727-8fb0039f9528",
            "fiscal": 2013,
            "quarter": 1,
            "cash": "156130850000",
            "da": "18167904934",
            "debt_to_equity": "1.44603",
            "equity": "629761018837",
            "earning_per_share": "1.2641",
            "earning_per_share_yoy": "-3.42272",
            "earning_per_share_qoq": "59.0463",
            "gpm": "7.88173",
            "gross_profit": "55166778503",
            "net_profit": "36105452558",
            "net_profit_yoy": "-3.42464",
            "net_profit_qoq": "58.9693",
            "npm": "5.15842",
            "revenue": "699931933457",
            "revenue_yoy": "1.13091",
            "revenue_qoq": "-4.49647",
            "roa": "8.76767",
            "roe": "23.37783",
            "sga": "7842340032",
            "sga_per_revenue": "1.12044",
            "total_debt": "910651245012",
            "dividend_yield": "3.99",
            "book_value_per_share": "212.09",
            "close": "21.9833",
            "mkt_cap": "931153677750",
            "price_earning_ratio": "8.9",
            "price_book_value": "1.54",
            "ev_per_ebit_da": "6.49384",
            "ebit_dattm": null,
            "paid_up_capital": null,
            "cash_cycle": "27.31984",
            "operating_activities": "43047604851",
            "investing_activities": null,
            "financing_activities": "8129100546",
            "asset": "1663096931339",
            "end_of_year_date": null
        },
        {
            "security_id": "90776240-dbf1-41a6-a609-30555e4b996f",
            "fiscal": 2013,
            "quarter": 2,
            "cash": "110377590000",
            "da": "17658324464",
            "debt_to_equity": "1.39031",
            "equity": "638052229315",
            "earning_per_share": "0.4299",
            "earning_per_share_yoy": "44.26174",
            "earning_per_share_qoq": "-65.99161",
            "gpm": "8.25078",
            "gross_profit": "55248004672",
            "net_profit": "12278196698",
            "net_profit_yoy": "44.21758",
            "net_profit_qoq": "-65.99351",
            "npm": "1.83364",
            "revenue": "669609520946",
            "revenue_yoy": "-1.9343",
            "revenue_qoq": "-4.33219",
            "roa": "2.9616",
            "roe": "7.74764",
            "sga": "9067877785",
            "sga_per_revenue": "1.3542",
            "total_debt": "887092160437",
            "dividend_yield": "3.88",
            "book_value_per_share": "220.48",
            "close": "22.9421",
            "mkt_cap": "956860374375",
            "price_earning_ratio": "9.26",
            "price_book_value": "1.52",
            "ev_per_ebit_da": "6.49201",
            "ebit_dattm": null,
            "paid_up_capital": null,
            "cash_cycle": "36.17341",
            "operating_activities": "19484557177",
            "investing_activities": null,
            "financing_activities": "-50698313452",
            "asset": "1653547336334",
            "end_of_year_date": null
        },
        {
            "security_id": "a782cd55-704a-42e9-9e94-8fc78c410b05",
            "fiscal": 2013,
            "quarter": 3,
            "cash": "162060810000",
            "da": "19673478640",
            "debt_to_equity": "1.38162",
            "equity": "656037134880",
            "earning_per_share": "1.081",
            "earning_per_share_yoy": "-14.36267",
            "earning_per_share_qoq": "151.45383",
            "gpm": "7.7208",
            "gross_profit": "55833119532",
            "net_profit": "30877025602",
            "net_profit_yoy": "-14.3593",
            "net_profit_qoq": "151.47851",
            "npm": "4.26978",
            "revenue": "723152095165",
            "revenue_yoy": "5.41191",
            "revenue_qoq": "7.99609",
            "roa": "7.37812",
            "roe": "19.08803",
            "sga": "9254269111",
            "sga_per_revenue": "1.27971",
            "total_debt": "906397193850",
            "dividend_yield": "4.11",
            "book_value_per_share": "223.38",
            "close": "21.9797",
            "mkt_cap": "902590681500",
            "price_earning_ratio": "8.42",
            "price_book_value": "1.41",
            "ev_per_ebit_da": "6.23996",
            "ebit_dattm": null,
            "paid_up_capital": null,
            "cash_cycle": "35.95118",
            "operating_activities": "61399684761",
            "investing_activities": null,
            "financing_activities": "11385832964",
            "asset": "1694407521523",
            "end_of_year_date": null
        },
        {
            "security_id": "6c2250e8-000c-4e6e-970d-b86d4b661b0e",
            "fiscal": 2013,
            "quarter": 4,
            "cash": "157683490000",
            "da": "23041968000",
            "debt_to_equity": "1.43346",
            "equity": "682646659430",
            "earning_per_share": "0.5322",
            "earning_per_share_yoy": "-33.03976",
            "earning_per_share_qoq": "-50.76781",
            "gpm": "7.75234",
            "gross_profit": "58142124333",
            "net_profit": "15391597238",
            "net_profit_yoy": "-32.23208",
            "net_profit_qoq": "-50.15194",
            "npm": "2.05223",
            "revenue": "749994450432",
            "revenue_yoy": "2.33441",
            "revenue_qoq": "3.71185",
            "roa": "3.52197",
            "roe": "9.19805",
            "sga": "13409046716",
            "sga_per_revenue": "1.78789",
            "total_debt": "978543366537",
            "dividend_yield": "4.55",
            "book_value_per_share": "229.68",
            "close": "19.6444",
            "mkt_cap": "816901692750",
            "price_earning_ratio": "8.01",
            "price_book_value": "1.25",
            "ev_per_ebit_da": "6.31058",
            "ebit_dattm": null,
            "paid_up_capital": null,
            "cash_cycle": "31.72431",
            "operating_activities": "41394998317",
            "investing_activities": null,
            "financing_activities": "-24606976314",
            "asset": "1801721573595",
            "end_of_year_date": null
        },
        {
            "security_id": "74cb505e-d15d-4aad-893e-d2efca06d7b8",
            "fiscal": 2013,
            "quarter": 9,
            "cash": "157683490000",
            "da": "78541676038",
            "debt_to_equity": "1.43346",
            "equity": "682646659430",
            "earning_per_share": "3.3072",
            "earning_per_share_yoy": null,
            "earning_per_share_qoq": null,
            "gpm": "7.89359",
            "gross_profit": "224390027040",
            "net_profit": "94652272096",
            "net_profit_yoy": "-9.56716",
            "net_profit_qoq": null,
            "npm": "3.32968",
            "revenue": "2842688000000",
            "revenue_yoy": "1.74867",
            "revenue_qoq": null,
            "roa": "5.51419",
            "roe": "14.69265",
            "sga": "39573533644",
            "sga_per_revenue": "1.39212",
            "total_debt": "978543366537",
            "dividend_yield": "4.55",
            "book_value_per_share": "229.68",
            "close": "19.6444",
            "mkt_cap": "816901692750",
            "price_earning_ratio": "8.01",
            "price_book_value": "1.25",
            "ev_per_ebit_da": "6.31058",
            "ebit_dattm": null,
            "paid_up_capital": null,
            "cash_cycle": "6.77016",
            "operating_activities": "165326845106",
            "investing_activities": "-95264370724",
            "financing_activities": "-55790356256",
            "asset": "1801721573595",
            "end_of_year_date": "2013-12-31T00:00:00+07:00"
        },
        {
            "security_id": "0d447269-632a-49ac-8054-8fb809b85fba",
            "fiscal": 2014,
            "quarter": 1,
            "cash": "195728280000",
            "da": "22539401631",
            "debt_to_equity": "1.31756",
            "equity": "708073736602",
            "earning_per_share": "0.9596",
            "earning_per_share_yoy": "-24.08828",
            "earning_per_share_qoq": "80.30815",
            "gpm": "8.05678",
            "gross_profit": "57732488570",
            "net_profit": "27447963440",
            "net_profit_yoy": "-23.97834",
            "net_profit_qoq": "78.33083",
            "npm": "3.83046",
            "revenue": "716570685787",
            "revenue_yoy": "2.3772",
            "revenue_qoq": "-4.45653",
            "roa": "6.13174",
            "roe": "15.78921",
            "sga": "8384591103",
            "sga_per_revenue": "1.1701",
            "total_debt": "932928562627",
            "dividend_yield": "4.35",
            "book_value_per_share": "239",
            "close": "21.055",
            "mkt_cap": "854033587875",
            "price_earning_ratio": "9.02",
            "price_book_value": "1.25",
            "ev_per_ebit_da": "6.19404",
            "ebit_dattm": null,
            "paid_up_capital": null,
            "cash_cycle": "28.97639",
            "operating_activities": "72846241679",
            "investing_activities": null,
            "financing_activities": "-6070837498",
            "asset": "1779379914851",
            "end_of_year_date": null
        },
        {
            "security_id": "ce584f1c-22c6-44d1-93e3-2ad8abbdf4a9",
            "fiscal": 2014,
            "quarter": 2,
            "cash": "187945600000",
            "da": "27730579036",
            "debt_to_equity": "1.26369",
            "equity": "717299148545",
            "earning_per_share": "1.0643",
            "earning_per_share_yoy": "147.5692",
            "earning_per_share_qoq": "10.9108",
            "gpm": "8.62934",
            "gross_profit": "61845781140",
            "net_profit": "30437862459",
            "net_profit_yoy": "147.90173",
            "net_profit_qoq": "10.89297",
            "npm": "4.247",
            "revenue": "716691723130",
            "revenue_yoy": "7.03129",
            "revenue_qoq": "0.01689",
            "roa": "6.80219",
            "roe": "17.08345",
            "sga": "12210253883",
            "sga_per_revenue": "1.7037",
            "total_debt": "906445090442",
            "dividend_yield": "4.09",
            "book_value_per_share": "247.9",
            "close": "22.1705",
            "mkt_cap": "908303280750",
            "price_earning_ratio": "10.56",
            "price_book_value": "1.28",
            "ev_per_ebit_da": "5.80896",
            "ebit_dattm": null,
            "paid_up_capital": null,
            "cash_cycle": "29.96608",
            "operating_activities": "14962947233",
            "investing_activities": null,
            "financing_activities": "3858049022",
            "asset": "1800392630071",
            "end_of_year_date": null
        },
        {
            "security_id": "c8704705-fde1-4e7a-9dae-fae239f08131",
            "fiscal": 2014,
            "quarter": 3,
            "cash": "205750870000",
            "da": "31180878392",
            "debt_to_equity": "1.26908",
            "equity": "724032954481",
            "earning_per_share": "0.8584",
            "earning_per_share_yoy": "-20.59204",
            "earning_per_share_qoq": "-19.34605",
            "gpm": "7.95684",
            "gross_profit": "60282500012",
            "net_profit": "24558113807",
            "net_profit_yoy": "-20.46477",
            "net_profit_qoq": "-19.31722",
            "npm": "3.24149",
            "revenue": "757618650349",
            "revenue_yoy": "4.76616",
            "revenue_qoq": "5.71053",
            "roa": "5.4285",
            "roe": "13.63079",
            "sga": "10304879516",
            "sga_per_revenue": "1.36017",
            "total_debt": "918852512547",
            "dividend_yield": "3.61",
            "book_value_per_share": "251.13",
            "close": "25.7718",
            "mkt_cap": "1028267865000",
            "price_earning_ratio": "9.87",
            "price_book_value": "1.43",
            "ev_per_ebit_da": "6.08307",
            "ebit_dattm": null,
            "paid_up_capital": null,
            "cash_cycle": "32.5213",
            "operating_activities": "68827021345",
            "investing_activities": null,
            "financing_activities": "-23291557162",
            "asset": "1818745783030",
            "end_of_year_date": null
        },
        {
            "security_id": "fd85f44d-c131-49b8-8d8f-d499f5e20190",
            "fiscal": 2014,
            "quarter": 4,
            "cash": "203785430000",
            "da": "35556164273",
            "debt_to_equity": "1.30715",
            "equity": "697578410661",
            "earning_per_share": "-0.949",
            "earning_per_share_yoy": null,
            "earning_per_share_qoq": null,
            "gpm": "7.35898",
            "gross_profit": "47380855180",
            "net_profit": "-26649006693",
            "net_profit_yoy": null,
            "net_profit_qoq": null,
            "npm": "-4.139",
            "revenue": "643851120734",
            "revenue_yoy": "-14.15255",
            "revenue_qoq": "-15.01646",
            "roa": "-5.92542",
            "roe": "-14.99651",
            "sga": "52111019237",
            "sga_per_revenue": "8.09364",
            "total_debt": "911837040859",
            "dividend_yield": "4.01",
            "book_value_per_share": "253.49",
            "close": "22.8144",
            "mkt_cap": "925441078500",
            "price_earning_ratio": "9.46",
            "price_book_value": "1.28",
            "ev_per_ebit_da": "6.72908",
            "ebit_dattm": null,
            "paid_up_capital": null,
            "cash_cycle": "35.25309",
            "operating_activities": "78731287086",
            "investing_activities": null,
            "financing_activities": "-21811089188",
            "asset": "1779179162863",
            "end_of_year_date": null
        },
        {
            "security_id": "2053240f-0c10-4c78-b051-5ddb248d4d93",
            "fiscal": 2014,
            "quarter": 9,
            "cash": "203785430000",
            "da": "117007023332",
            "debt_to_equity": "1.30715",
            "equity": "697578410661",
            "earning_per_share": "1.9333",
            "earning_per_share_yoy": "-41.54269",
            "earning_per_share_qoq": null,
            "gpm": "8.01633",
            "gross_profit": "227241624902",
            "net_profit": "55794933013",
            "net_profit_yoy": "-41.05273",
            "net_profit_qoq": null,
            "npm": "1.96826",
            "revenue": "2834732180000",
            "revenue_yoy": "-0.27987",
            "revenue_qoq": null,
            "roa": "3.11625",
            "roe": "8.0849",
            "sga": "83010743739",
            "sga_per_revenue": "2.92835",
            "total_debt": "911837040859",
            "dividend_yield": "4.01",
            "book_value_per_share": "253.49",
            "close": "22.8144",
            "mkt_cap": "925441078500",
            "price_earning_ratio": "9.46",
            "price_book_value": "1.28",
            "ev_per_ebit_da": "6.72908",
            "ebit_dattm": null,
            "paid_up_capital": null,
            "cash_cycle": "7.46276",
            "operating_activities": "235367497343",
            "investing_activities": "-213222976394",
            "financing_activities": "-47315434826",
            "asset": "1779179162863",
            "end_of_year_date": "2014-12-31T00:00:00+07:00"
        },
        {
            "security_id": "2730d754-4a5d-4284-b392-c3374aa30557",
            "fiscal": 2015,
            "quarter": 1,
            "cash": "224980290000",
            "da": "36308422768",
            "debt_to_equity": "1.66398",
            "equity": "701105945147",
            "earning_per_share": "0.7893",
            "earning_per_share_yoy": "-17.74698",
            "earning_per_share_qoq": null,
            "gpm": "10.53689",
            "gross_profit": "54326453785",
            "net_profit": "22583857405",
            "net_profit_yoy": "-17.72119",
            "net_profit_qoq": null,
            "npm": "4.38025",
            "revenue": "515583463430",
            "revenue_yoy": "-28.04849",
            "revenue_qoq": "-19.92194",
            "roa": "4.48968",
            "roe": "12.9172",
            "sga": "9551569071",
            "sga_per_revenue": "1.85257",
            "total_debt": "1166627484821",
            "dividend_yield": "3.41",
            "book_value_per_share": "244.22",
            "close": "23.145",
            "mkt_cap": "922584778875",
            "price_earning_ratio": "16.54",
            "price_book_value": "1.32",
            "ev_per_ebit_da": "7.42872",
            "ebit_dattm": null,
            "paid_up_capital": null,
            "cash_cycle": "68.84884",
            "operating_activities": "104337209998",
            "investing_activities": null,
            "financing_activities": "-26963783194",
            "asset": "2244957342539",
            "end_of_year_date": null
        },
        {
            "security_id": "25606c8c-57aa-4513-bd63-4140056577db",
            "fiscal": 2015,
            "quarter": 2,
            "cash": "172553920000",
            "da": "37663455434",
            "debt_to_equity": "1.54964",
            "equity": "723882218098",
            "earning_per_share": "0.8187",
            "earning_per_share_yoy": "-23.0762",
            "earning_per_share_qoq": "3.72482",
            "gpm": "13.46035",
            "gross_profit": "72238694306",
            "net_profit": "23745659566",
            "net_profit_yoy": "-21.98644",
            "net_profit_qoq": "5.14439",
            "npm": "4.42457",
            "revenue": "536677603011",
            "revenue_yoy": "-25.11737",
            "revenue_qoq": "4.09131",
            "roa": "4.23147",
            "roe": "13.33101",
            "sga": "13855081495",
            "sga_per_revenue": "2.58164",
            "total_debt": "1121759145609",
            "dividend_yield": "3.06",
            "book_value_per_share": "245.46",
            "close": "25.6453",
            "mkt_cap": "1025411565375",
            "price_earning_ratio": "20.13",
            "price_book_value": "1.46",
            "ev_per_ebit_da": "7.56119",
            "ebit_dattm": null,
            "paid_up_capital": null,
            "cash_cycle": "106.68907",
            "operating_activities": "22026965530",
            "investing_activities": null,
            "financing_activities": "-45563753686",
            "asset": "2244387322102",
            "end_of_year_date": null
        },
        {
            "security_id": "f072987f-13b6-4523-90ab-e3a20853fd7e",
            "fiscal": 2015,
            "quarter": 3,
            "cash": "169655850000",
            "da": "38435109604",
            "debt_to_equity": "1.62794",
            "equity": "699291083709",
            "earning_per_share": "-0.9143",
            "earning_per_share_yoy": null,
            "earning_per_share_qoq": null,
            "gpm": "9.3851",
            "gross_profit": "47400908764",
            "net_profit": "-26581450804",
            "net_profit_yoy": null,
            "net_profit_qoq": null,
            "npm": "-5.26297",
            "revenue": "505065726261",
            "revenue_yoy": "-33.3351",
            "revenue_qoq": "-5.89029",
            "roa": "-4.7567",
            "roe": "-14.94207",
            "sga": "15791956847",
            "sga_per_revenue": "3.12671",
            "total_debt": "1138406959130",
            "dividend_yield": "4.58",
            "book_value_per_share": "253.43",
            "close": "17.6178",
            "mkt_cap": "685511910000",
            "price_earning_ratio": "15.5",
            "price_book_value": "0.95",
            "ev_per_ebit_da": "8.50746",
            "ebit_dattm": null,
            "paid_up_capital": null,
            "cash_cycle": "120.48314",
            "operating_activities": "77618054894",
            "investing_activities": null,
            "financing_activities": "-49030429549",
            "asset": "2226179656723",
            "end_of_year_date": null
        },
        {
            "security_id": "c3750f0a-8573-4c06-8dd7-b2ed7045f1e0",
            "fiscal": 2015,
            "quarter": 4,
            "cash": "239742460000",
            "da": "36478562076",
            "debt_to_equity": "1.55822",
            "equity": "697147025225",
            "earning_per_share": "-0.0212",
            "earning_per_share_yoy": "-97.76607",
            "earning_per_share_qoq": "-97.68129",
            "gpm": "10.51156",
            "gross_profit": "49360703238",
            "net_profit": "188350942",
            "net_profit_yoy": null,
            "net_profit_qoq": null,
            "npm": "0.04011",
            "revenue": "469584777298",
            "revenue_yoy": "-27.06625",
            "revenue_qoq": "-7.02502",
            "roa": "0.03424",
            "roe": "0.1079",
            "sga": "14545166186",
            "sga_per_revenue": "3.09745",
            "total_debt": "1086308812238",
            "dividend_yield": "4.51",
            "book_value_per_share": "244.82",
            "close": "17.8371",
            "mkt_cap": "696937108500",
            "price_earning_ratio": "0",
            "price_book_value": "1",
            "ev_per_ebit_da": "6.57972",
            "ebit_dattm": null,
            "paid_up_capital": null,
            "cash_cycle": "117.22017",
            "operating_activities": "89302379057",
            "investing_activities": null,
            "financing_activities": "-42255364370",
            "asset": "2173996186034",
            "end_of_year_date": null
        },
        {
            "security_id": "b7cbe866-d2bf-44fb-8001-9c346024a9ce",
            "fiscal": 2015,
            "quarter": 9,
            "cash": "239742460000",
            "da": "148885549882",
            "debt_to_equity": "1.55822",
            "equity": "697147025225",
            "earning_per_share": "0.6725",
            "earning_per_share_yoy": "-65.21492",
            "earning_per_share_qoq": null,
            "gpm": "11.01808",
            "gross_profit": "223326760093",
            "net_profit": "19936417109",
            "net_profit_yoy": "-64.26841",
            "net_profit_qoq": null,
            "npm": "0.98359",
            "revenue": "2026911570000",
            "revenue_yoy": "-28.49725",
            "revenue_qoq": null,
            "roa": "1.00863",
            "roe": "2.85883",
            "sga": "53743773599",
            "sga_per_revenue": "2.65151",
            "total_debt": "1086308812238",
            "dividend_yield": "4.51",
            "book_value_per_share": "244.82",
            "close": "17.8371",
            "mkt_cap": "696937108500",
            "price_earning_ratio": "0",
            "price_book_value": "1",
            "ev_per_ebit_da": "6.57972",
            "ebit_dattm": null,
            "paid_up_capital": null,
            "cash_cycle": "17.12434",
            "operating_activities": "293284609479",
            "investing_activities": "-133042979604",
            "financing_activities": "-163813330799",
            "asset": "2173996186034",
            "end_of_year_date": "2015-12-31T00:00:00+07:00"
        },
        {
            "security_id": "01465ed5-eaeb-4b7d-adb3-edffb216a66a",
            "fiscal": 2016,
            "quarter": 1,
            "cash": "249572350000",
            "da": "32278306088",
            "debt_to_equity": "1.48638",
            "equity": "717443896264",
            "earning_per_share": "0.8231",
            "earning_per_share_yoy": "4.28228",
            "earning_per_share_qoq": null,
            "gpm": "14.26119",
            "gross_profit": "55182244139",
            "net_profit": "23668887294",
            "net_profit_yoy": "4.80445",
            "net_profit_qoq": "12466.37585",
            "npm": "6.11694",
            "revenue": "386940065268",
            "revenue_yoy": "-24.95103",
            "revenue_qoq": "-17.59953",
            "roa": "4.35216",
            "roe": "13.38557",
            "sga": "10202765193",
            "sga_per_revenue": "2.63678",
            "total_debt": "1066393252267",
            "dividend_yield": "3.57",
            "book_value_per_share": "244.07",
            "close": "20.6248",
            "mkt_cap": "799763895000",
            "price_earning_ratio": "40.12",
            "price_book_value": "1.15",
            "ev_per_ebit_da": "7.04229",
            "ebit_dattm": null,
            "paid_up_capital": null,
            "cash_cycle": "126.67358",
            "operating_activities": "76345151425",
            "investing_activities": null,
            "financing_activities": "-8007581077",
            "asset": "2176738015263",
            "end_of_year_date": null
        },
        {
            "security_id": "4e4b4727-0e8f-47df-bcac-943cf7d59ee5",
            "fiscal": 2016,
            "quarter": 2,
            "cash": "198563110000",
            "da": "32006515677",
            "debt_to_equity": "1.40928",
            "equity": "729962930365",
            "earning_per_share": "0.8505",
            "earning_per_share_yoy": "3.88421",
            "earning_per_share_qoq": "3.32888",
            "gpm": "15.8981",
            "gross_profit": "66843096962",
            "net_profit": "24878993009",
            "net_profit_yoy": "4.7728",
            "net_profit_qoq": "5.11264",
            "npm": "5.91727",
            "revenue": "420447175183",
            "revenue_yoy": "-21.6574",
            "revenue_qoq": "8.65951",
            "roa": "4.59742",
            "roe": "13.75093",
            "sga": "11591757125",
            "sga_per_revenue": "2.75701",
            "total_debt": "1028722011747",
            "dividend_yield": "3.19",
            "book_value_per_share": "251.18",
            "close": "23.2215",
            "mkt_cap": "894021782625",
            "price_earning_ratio": "42.53",
            "price_book_value": "1.25",
            "ev_per_ebit_da": "7.78103",
            "ebit_dattm": null,
            "paid_up_capital": null,
            "cash_cycle": "122.23955",
            "operating_activities": "54088602389",
            "investing_activities": null,
            "financing_activities": "-51289060225",
            "asset": "2152472441102",
            "end_of_year_date": null
        },
        {
            "security_id": "d70aeb50-37d8-4f3b-8718-4b1c81219ccd",
            "fiscal": 2016,
            "quarter": 3,
            "cash": "185094080000",
            "da": "32885112674",
            "debt_to_equity": "1.33205",
            "equity": "737528818960",
            "earning_per_share": "0.9409",
            "earning_per_share_yoy": null,
            "earning_per_share_qoq": "10.62904",
            "gpm": "13.87816",
            "gross_profit": "60393886423",
            "net_profit": "26974283882",
            "net_profit_yoy": null,
            "net_profit_qoq": "8.42193",
            "npm": "6.19853",
            "revenue": "435172118360",
            "revenue_yoy": "-13.83852",
            "revenue_qoq": "3.50221",
            "roa": "5.05735",
            "roe": "14.70497",
            "sga": "11144462117",
            "sga_per_revenue": "2.56093",
            "total_debt": "982424435292",
            "dividend_yield": "2.95",
            "book_value_per_share": "255.56",
            "close": "25.5841",
            "mkt_cap": "968285572875",
            "price_earning_ratio": "43.71",
            "price_book_value": "1.33",
            "ev_per_ebit_da": "6.04159",
            "ebit_dattm": null,
            "paid_up_capital": null,
            "cash_cycle": "134.37875",
            "operating_activities": "52690105225",
            "investing_activities": null,
            "financing_activities": "-43499777254",
            "asset": "2114467799441",
            "end_of_year_date": null
        },
        {
            "security_id": "5f35997f-420e-4c92-853b-ac403b028ce1",
            "fiscal": 2016,
            "quarter": 4,
            "cash": "215207170000",
            "da": "32587075726",
            "debt_to_equity": "1.39031",
            "equity": "762947649190",
            "earning_per_share": "0.654",
            "earning_per_share_yoy": null,
            "earning_per_share_qoq": "-30.49208",
            "gpm": "15.43267",
            "gross_profit": "73591772392",
            "net_profit": "19086914055",
            "net_profit_yoy": "10033.69716",
            "net_profit_qoq": "-29.24033",
            "npm": "4.00265",
            "revenue": "476857079313",
            "revenue_yoy": "1.54867",
            "revenue_qoq": "9.57896",
            "roa": "3.51282",
            "roe": "10.17645",
            "sga": "16096869348",
            "sga_per_revenue": "3.37562",
            "total_debt": "1060734073998",
            "dividend_yield": "2.69",
            "book_value_per_share": "258.21",
            "close": "28.0745",
            "mkt_cap": "1062543460500",
            "price_earning_ratio": "14.03",
            "price_book_value": "1.44",
            "ev_per_ebit_da": "6.07667",
            "ebit_dattm": null,
            "paid_up_capital": null,
            "cash_cycle": "122.11216",
            "operating_activities": "87311374970",
            "investing_activities": "-43972308550",
            "financing_activities": "-13406989245",
            "asset": "2232331083355",
            "end_of_year_date": null
        },
        {
            "security_id": "2e89c174-9555-4991-bb4e-21cccb02252e",
            "fiscal": 2016,
            "quarter": 9,
            "cash": "215207170000",
            "da": "129757010165",
            "debt_to_equity": "1.39031",
            "equity": "762947649190",
            "earning_per_share": "3.2685",
            "earning_per_share_yoy": null,
            "earning_per_share_qoq": null,
            "gpm": "14.88228",
            "gross_profit": "255803519498",
            "net_profit": "94609078240",
            "net_profit_yoy": null,
            "net_profit_qoq": null,
            "npm": "5.50422",
            "revenue": "1718846040000",
            "revenue_yoy": "-15.19877",
            "revenue_qoq": null,
            "roa": "4.29424",
            "roe": "12.95931",
            "sga": "48965304971",
            "sga_per_revenue": "2.84873",
            "total_debt": "1060734073998",
            "dividend_yield": "2.69",
            "book_value_per_share": "258.21",
            "close": "28.0745",
            "mkt_cap": "1062543460500",
            "price_earning_ratio": "14.03",
            "price_book_value": "1.44",
            "ev_per_ebit_da": "6.07667",
            "ebit_dattm": null,
            "paid_up_capital": null,
            "cash_cycle": "30.7609",
            "operating_activities": "270435234009",
            "investing_activities": "-178914390647",
            "financing_activities": "-116203407801",
            "asset": "2232331083355",
            "end_of_year_date": "2016-12-31T00:00:00+07:00"
        },
        {
            "security_id": "fb5603e9-0057-4610-be4d-670e08f7aaeb",
            "fiscal": 2017,
            "quarter": 1,
            "cash": "197228040000",
            "da": "28565247115",
            "debt_to_equity": "1.27572",
            "equity": "796878576868",
            "earning_per_share": "1.6087",
            "earning_per_share_yoy": "95.44405",
            "earning_per_share_qoq": "145.97859",
            "gpm": "15.16878",
            "gross_profit": "77330030711",
            "net_profit": "46167890474",
            "net_profit_yoy": "95.05729",
            "net_profit_qoq": "141.88242",
            "npm": "9.05613",
            "revenue": "509797253521",
            "revenue_yoy": "31.75096",
            "revenue_qoq": "6.90777",
            "roa": "8.27698",
            "roe": "23.67848",
            "sga": "9935894765",
            "sga_per_revenue": "1.94899",
            "total_debt": "1016595649746",
            "dividend_yield": "4.13",
            "book_value_per_share": "267.11",
            "close": "29.9479",
            "mkt_cap": "1105387954875",
            "price_earning_ratio": "11.68",
            "price_book_value": "1.45",
            "ev_per_ebit_da": "5.59172",
            "ebit_dattm": null,
            "paid_up_capital": null,
            "cash_cycle": "121.3096",
            "operating_activities": "61884757335",
            "investing_activities": "-55857979083",
            "financing_activities": "-19784394042",
            "asset": "2229964326351",
            "end_of_year_date": null
        },
        {
            "security_id": "12f49e82-33b7-450e-87a4-8977350a5dbf",
            "fiscal": 2017,
            "quarter": 2,
            "cash": "214298650000",
            "da": "29100669771",
            "debt_to_equity": "1.21221",
            "equity": "795355670081",
            "earning_per_share": "1.0754",
            "earning_per_share_yoy": "26.44327",
            "earning_per_share_qoq": "-33.15099",
            "gpm": "13.18083",
            "gross_profit": "63108179557",
            "net_profit": "31316846801",
            "net_profit_yoy": "25.87667",
            "net_profit_qoq": "-32.16747",
            "npm": "6.54087",
            "revenue": "478787521437",
            "revenue_yoy": "13.87579",
            "revenue_qoq": "-6.08276",
            "roa": "5.68825",
            "roe": "15.73479",
            "sga": "11569151169",
            "sga_per_revenue": "2.41634",
            "total_debt": "964136071930",
            "dividend_yield": "4.32",
            "book_value_per_share": "278.99",
            "close": "28.6323",
            "mkt_cap": "1056830861250",
            "price_earning_ratio": "9.02",
            "price_book_value": "1.33",
            "ev_per_ebit_da": "5.22293",
            "ebit_dattm": null,
            "paid_up_capital": null,
            "cash_cycle": "137.53636",
            "operating_activities": "58084043152",
            "investing_activities": "14289009863",
            "financing_activities": "-54397168199",
            "asset": "2174461233295",
            "end_of_year_date": null
        },
        {
            "security_id": "697c78e6-5a13-4c82-8ff9-26b924f4517a",
            "fiscal": 2017,
            "quarter": 3,
            "cash": "194519360000",
            "da": "29518598818",
            "debt_to_equity": "1.24495",
            "equity": "790825239587",
            "earning_per_share": "0.7609",
            "earning_per_share_yoy": "-19.13062",
            "earning_per_share_qoq": "-29.24493",
            "gpm": "16.19171",
            "gross_profit": "76939444104",
            "net_profit": "22331655204",
            "net_profit_yoy": "-17.21131",
            "net_profit_qoq": "-28.69124",
            "npm": "4.69964",
            "revenue": "475178056596",
            "revenue_yoy": "9.19313",
            "revenue_qoq": "-0.75388",
            "roa": "4.09234",
            "roe": "11.26311",
            "sga": "30192887369",
            "sga_per_revenue": "6.35402",
            "total_debt": "984541456571",
            "dividend_yield": "3.92",
            "book_value_per_share": "278.46",
            "close": "32.214",
            "mkt_cap": "1165370247000",
            "price_earning_ratio": "9.43",
            "price_book_value": "1.47",
            "ev_per_ebit_da": "5.75849",
            "ebit_dattm": null,
            "paid_up_capital": null,
            "cash_cycle": "133.48722",
            "operating_activities": "85982202192",
            "investing_activities": "-61267094467",
            "financing_activities": "-38587846941",
            "asset": "2191090977924",
            "end_of_year_date": null
        },
        {
            "security_id": "c915b862-f16d-45fc-bcc4-17ad6be1ba07",
            "fiscal": 2017,
            "quarter": 4,
            "cash": "154071980000",
            "da": "29962706531",
            "debt_to_equity": "1.20165",
            "equity": "818671751122",
            "earning_per_share": "1.23",
            "earning_per_share_yoy": "88.07339",
            "earning_per_share_qoq": "61.65068",
            "gpm": "16.89659",
            "gross_profit": "89882960272",
            "net_profit": "35363210173",
            "net_profit_yoy": "85.27463",
            "net_profit_qoq": "58.35463",
            "npm": "6.64773",
            "revenue": "531959238446",
            "revenue_yoy": "11.55528",
            "revenue_qoq": "11.94945",
            "roa": "6.39565",
            "roe": "17.57727",
            "sga": "24276095432",
            "sga_per_revenue": "4.56353",
            "total_debt": "983758416368",
            "dividend_yield": "3.64",
            "book_value_per_share": "276.87",
            "close": "34.7406",
            "mkt_cap": "1256771835000",
            "price_earning_ratio": "10.57",
            "price_book_value": "1.59",
            "ev_per_ebit_da": "5.77552",
            "ebit_dattm": null,
            "paid_up_capital": null,
            "cash_cycle": "127.88322",
            "operating_activities": "100149340965",
            "investing_activities": "41545551759",
            "financing_activities": "-49728480412",
            "asset": "2232314156996",
            "end_of_year_date": null
        },
        {
            "security_id": "58c90703-4863-4945-9a15-b078138abdb1",
            "fiscal": 2017,
            "quarter": 9,
            "cash": "154071980000",
            "da": "117147222235",
            "debt_to_equity": "1.20165",
            "equity": "818671751122",
            "earning_per_share": "4.675",
            "earning_per_share_yoy": "43.03197",
            "earning_per_share_qoq": null,
            "gpm": "15.39596",
            "gross_profit": "307260614644",
            "net_profit": "135179602652",
            "net_profit_yoy": "42.88227",
            "net_profit_qoq": null,
            "npm": "6.77347",
            "revenue": "1995722070000",
            "revenue_yoy": "16.10825",
            "revenue_qoq": null,
            "roa": "6.05556",
            "roe": "17.09382",
            "sga": "75974028735",
            "sga_per_revenue": "3.80684",
            "total_debt": "983758416368",
            "dividend_yield": "3.64",
            "book_value_per_share": "276.87",
            "close": "34.7406",
            "mkt_cap": "1256771835000",
            "price_earning_ratio": "10.57",
            "price_book_value": "1.59",
            "ev_per_ebit_da": "5.77552",
            "ebit_dattm": null,
            "paid_up_capital": null,
            "cash_cycle": "31.97271",
            "operating_activities": "306100343644",
            "investing_activities": "-180525074055",
            "financing_activities": "-162497889594",
            "asset": "2232314156996",
            "end_of_year_date": "2017-12-31T00:00:00+07:00"
        },
        {
            "security_id": "844ca5dd-36aa-402c-bef9-42f0917c5e40",
            "fiscal": 2018,
            "quarter": 1,
            "cash": "256902470000",
            "da": "28519485301",
            "debt_to_equity": "1.14212",
            "equity": "840939702222",
            "earning_per_share": "1.38",
            "earning_per_share_yoy": "-14.21645",
            "earning_per_share_qoq": "12.19512",
            "gpm": "14.92477",
            "gross_profit": "79544849306",
            "net_profit": "39788257848",
            "net_profit_yoy": "-13.81833",
            "net_profit_qoq": "12.51314",
            "npm": "7.46536",
            "revenue": "532971980942",
            "revenue_yoy": "4.54587",
            "revenue_qoq": "0.19038",
            "roa": "7.12904",
            "roe": "19.17955",
            "sga": "10714312851",
            "sga_per_revenue": "2.0103",
            "total_debt": "960452645374",
            "dividend_yield": "3.62",
            "book_value_per_share": "286.62",
            "close": "44.5346",
            "mkt_cap": "1576677393000",
            "price_earning_ratio": "11.66",
            "price_book_value": "1.93",
            "ev_per_ebit_da": "6.43149",
            "ebit_dattm": null,
            "paid_up_capital": null,
            "cash_cycle": "132.41501",
            "operating_activities": "80957870313",
            "investing_activities": "41545551800",
            "financing_activities": "-24604046183",
            "asset": "2232609938724",
            "end_of_year_date": null
        },
        {
            "security_id": "1ff24e12-5274-4ceb-8fe3-c15eb59960d5",
            "fiscal": 2018,
            "quarter": 2,
            "cash": "211444850000",
            "da": "30299720383",
            "debt_to_equity": "1.17617",
            "equity": "854612390597",
            "earning_per_share": "1.05",
            "earning_per_share_yoy": "-2.36191",
            "earning_per_share_qoq": "-23.91304",
            "gpm": "15.77879",
            "gross_profit": "91325518488",
            "net_profit": "30028526874",
            "net_profit_yoy": "-4.11382",
            "net_profit_qoq": "-24.52917",
            "npm": "5.18819",
            "revenue": "578786519409",
            "revenue_yoy": "20.88588",
            "revenue_qoq": "8.59605",
            "roa": "5.30795",
            "roe": "14.16814",
            "sga": "13495661975",
            "sga_per_revenue": "2.33172",
            "total_debt": "1005169427842",
            "dividend_yield": "4.17",
            "book_value_per_share": "29.44",
            "close": "38.7257",
            "mkt_cap": "1371023820000",
            "price_earning_ratio": "10.64",
            "price_book_value": "1.63",
            "ev_per_ebit_da": "5.88129",
            "ebit_dattm": null,
            "paid_up_capital": null,
            "cash_cycle": "132.02527",
            "operating_activities": "47356010907",
            "investing_activities": "-24552144398",
            "financing_activities": "-76353360057",
            "asset": "2293205851474",
            "end_of_year_date": null
        },
        {
            "security_id": "ef5ae753-e16f-4a77-8bc9-43c9a52d9c50",
            "fiscal": 2018,
            "quarter": 3,
            "cash": "276234990000",
            "da": "32055264482",
            "debt_to_equity": "1.22985",
            "equity": "855074415744",
            "earning_per_share": "1.05",
            "earning_per_share_yoy": "37.99448",
            "earning_per_share_qoq": "0",
            "gpm": "14.05066",
            "gross_profit": "85284677989",
            "net_profit": "30328914272",
            "net_profit_yoy": "35.81131",
            "net_profit_qoq": "1.00034",
            "npm": "4.99669",
            "revenue": "606979950344",
            "revenue_yoy": "27.73737",
            "revenue_qoq": "4.87113",
            "roa": "5.23039",
            "roe": "14.19156",
            "sga": "13821797813",
            "sga_per_revenue": "2.27714",
            "total_debt": "1051614710163",
            "dividend_yield": "3.69",
            "book_value_per_share": "29.92",
            "close": "44.1715",
            "mkt_cap": "1549542546562.5",
            "price_earning_ratio": "12.15",
            "price_book_value": "1.81",
            "ev_per_ebit_da": "5.89301",
            "ebit_dattm": null,
            "paid_up_capital": null,
            "cash_cycle": "141.12375",
            "operating_activities": "47823018908",
            "investing_activities": "6270240576",
            "financing_activities": "12072144301",
            "asset": "2345669106682",
            "end_of_year_date": null
        },
        {
            "security_id": "3dc5e959-c3f4-499d-adc3-5aebb983f452",
            "fiscal": 2018,
            "quarter": 4,
            "cash": "291096330000",
            "da": "32681799807",
            "debt_to_equity": "1.18502",
            "equity": "875083826429",
            "earning_per_share": "0.6742",
            "earning_per_share_yoy": "-45.18699",
            "earning_per_share_qoq": "-35.79048",
            "gpm": "9.2317",
            "gross_profit": "56998021117",
            "net_profit": "19538244330",
            "net_profit_yoy": "-44.7498",
            "net_profit_qoq": "-35.57882",
            "npm": "3.16452",
            "revenue": "617416469305",
            "revenue_yoy": "16.06462",
            "revenue_qoq": "1.71942",
            "roa": "3.32484",
            "roe": "9.0342",
            "sga": "17151791797",
            "sga_per_revenue": "2.77799",
            "total_debt": "1036989521796",
            "dividend_yield": "4.35",
            "book_value_per_share": "29.94",
            "close": "37.424",
            "mkt_cap": "1313897827500",
            "price_earning_ratio": "9.7",
            "price_book_value": "1.54",
            "ev_per_ebit_da": "5.56045",
            "ebit_dattm": null,
            "paid_up_capital": null,
            "cash_cycle": "139.02575",
            "operating_activities": "91664088734",
            "investing_activities": "-57411622820",
            "financing_activities": "-22582290693",
            "asset": "2355483872120",
            "end_of_year_date": null
        },
        {
            "security_id": "d909c3e6-ff23-4f7d-9a16-84a5d254ad72",
            "fiscal": 2018,
            "quarter": 9,
            "cash": "291096330000",
            "da": "123556269973",
            "debt_to_equity": "1.18502",
            "equity": "875083826429",
            "earning_per_share": "4.1542",
            "earning_per_share_yoy": null,
            "earning_per_share_qoq": null,
            "gpm": "13.40464",
            "gross_profit": "313153066900",
            "net_profit": "119683943324",
            "net_profit_yoy": null,
            "net_profit_qoq": null,
            "npm": "5.12312",
            "revenue": "2336154920000",
            "revenue_yoy": "17.05813",
            "revenue_qoq": null,
            "roa": "5.21749",
            "roe": "14.13237",
            "sga": "55183564436",
            "sga_per_revenue": "2.36215",
            "total_debt": "1036989521796",
            "dividend_yield": "4.35",
            "book_value_per_share": "29.94",
            "close": "37.424",
            "mkt_cap": "1313897827500",
            "price_earning_ratio": "9.7",
            "price_book_value": "1.54",
            "ev_per_ebit_da": "5.56045",
            "ebit_dattm": null,
            "paid_up_capital": null,
            "cash_cycle": "33.65781",
            "operating_activities": "267800988862",
            "investing_activities": "-35752279730",
            "financing_activities": "-111467552632",
            "asset": "2355483872120",
            "end_of_year_date": "2018-12-31T00:00:00+07:00"
        },
        {
            "security_id": "d09c1f63-f9c3-41a2-bf83-0ded6e51ce12",
            "fiscal": 2019,
            "quarter": 1,
            "cash": "33312535000",
            "da": "31194607346",
            "debt_to_equity": "1.28843",
            "equity": "897965511359",
            "earning_per_share": "1.0163",
            "earning_per_share_yoy": "-26.35507",
            "earning_per_share_qoq": "50.74162",
            "gpm": "12.59118",
            "gross_profit": "69361487779",
            "net_profit": "29312075916",
            "net_profit_yoy": "-26.32983",
            "net_profit_qoq": "50.0241",
            "npm": "5.32102",
            "revenue": "550873525048",
            "revenue_yoy": "3.35882",
            "revenue_qoq": "-10.77764",
            "roa": "4.80862",
            "roe": "13.22561",
            "sga": "11962598529",
            "sga_per_revenue": "2.17157",
            "total_debt": "1156962002215",
            "dividend_yield": "4.17",
            "book_value_per_share": "30.64",
            "close": "40.0367",
            "mkt_cap": "1371023820000",
            "price_earning_ratio": "11.46",
            "price_book_value": "1.57",
            "ev_per_ebit_da": "6.1596",
            "ebit_dattm": null,
            "paid_up_capital": null,
            "cash_cycle": "38.04492",
            "operating_activities": "69936697681",
            "investing_activities": "-77150133167",
            "financing_activities": "57080052568",
            "asset": "2521100763472",
            "end_of_year_date": null
        },
        {
            "security_id": "1e23189f-ee9f-4453-8666-186a9d8d8beb",
            "fiscal": 2019,
            "quarter": 2,
            "cash": "275499020000",
            "da": "32716278018",
            "debt_to_equity": "1.23958",
            "equity": "872925630371",
            "earning_per_share": "0.8979",
            "earning_per_share_yoy": "-14.48571",
            "earning_per_share_qoq": "-11.6501",
            "gpm": "11.38697",
            "gross_profit": "64942495486",
            "net_profit": "25938137456",
            "net_profit_yoy": "-13.62168",
            "net_profit_qoq": "-11.5104",
            "npm": "4.54797",
            "revenue": "570322847519",
            "revenue_yoy": "-1.46231",
            "revenue_qoq": "3.53063",
            "roa": "4.23283",
            "roe": "11.71755",
            "sga": "15470457346",
            "sga_per_revenue": "2.71258",
            "total_debt": "1082064734882",
            "dividend_yield": "4.1",
            "book_value_per_share": "31.44",
            "close": "41.2878",
            "mkt_cap": "1392446067187.5",
            "price_earning_ratio": "12.75",
            "price_book_value": "1.55",
            "ev_per_ebit_da": "6.39773",
            "ebit_dattm": null,
            "paid_up_capital": null,
            "cash_cycle": "34.45043",
            "operating_activities": "49765856044",
            "investing_activities": "14082138391",
            "financing_activities": "-117701604848",
            "asset": "2381174760182",
            "end_of_year_date": null
        },
        {
            "security_id": "88ee01bb-8c43-4dbd-8443-d38017993511",
            "fiscal": 2019,
            "quarter": 3,
            "cash": "262830790000",
            "da": "33478672472",
            "debt_to_equity": "1.30527",
            "equity": "865751507436",
            "earning_per_share": "0.6992",
            "earning_per_share_yoy": "-33.40952",
            "earning_per_share_qoq": "-22.12941",
            "gpm": "10.99818",
            "gross_profit": "59218177960",
            "net_profit": "20254484275",
            "net_profit_yoy": "-33.21725",
            "net_profit_qoq": "-21.91234",
            "npm": "3.76172",
            "revenue": "538436283576",
            "revenue_yoy": "-11.29258",
            "revenue_qoq": "-5.59097",
            "roa": "3.37552",
            "roe": "9.31949",
            "sga": "16973940082",
            "sga_per_revenue": "3.15245",
            "total_debt": "1130042290739",
            "dividend_yield": "4.32",
            "book_value_per_share": "30.56",
            "close": "38.1599",
            "mkt_cap": "1321038576562.5",
            "price_earning_ratio": "12.57",
            "price_book_value": "1.51",
            "ev_per_ebit_da": "6.91813",
            "ebit_dattm": null,
            "paid_up_capital": null,
            "cash_cycle": "152.71826",
            "operating_activities": "59455267181",
            "investing_activities": "-93759935491",
            "financing_activities": "12190314593",
            "asset": "2419144122274",
            "end_of_year_date": null
        },
        {
            "security_id": "ee58a11e-10a5-4a83-8b1b-9f0823b28364",
            "fiscal": 2019,
            "quarter": 4,
            "cash": "291967270000",
            "da": "35814623968",
            "debt_to_equity": "1.34691",
            "equity": "878604109457",
            "earning_per_share": "0.5886",
            "earning_per_share_yoy": "-12.69653",
            "earning_per_share_qoq": "-15.81808",
            "gpm": "10.47793",
            "gross_profit": "58687502408",
            "net_profit": "17445906496",
            "net_profit_yoy": "-10.70893",
            "net_profit_qoq": "-13.86645",
            "npm": "3.11475",
            "revenue": "560106013857",
            "revenue_yoy": "-9.2823",
            "revenue_qoq": "4.02457",
            "roa": "2.84623",
            "roe": "8.00108",
            "sga": "20595301213",
            "sga_per_revenue": "3.67704",
            "total_debt": "1183399062418",
            "dividend_yield": "4.55",
            "book_value_per_share": "30.31",
            "close": "37.4367",
            "mkt_cap": "1256771835000",
            "price_earning_ratio": "13.22",
            "price_book_value": "1.45",
            "ev_per_ebit_da": "6.79079",
            "ebit_dattm": null,
            "paid_up_capital": null,
            "cash_cycle": "140.70326",
            "operating_activities": "85949562566",
            "investing_activities": "-31390280749",
            "financing_activities": "-21794427807",
            "asset": "2484438679992",
            "end_of_year_date": null
        },
        {
            "security_id": "d5acfe3a-04f8-4104-bf8b-ea0486400a47",
            "fiscal": 2019,
            "quarter": 9,
            "cash": "291967270000",
            "da": "133204181804",
            "debt_to_equity": "1.34691",
            "equity": "878604109457",
            "earning_per_share": "3.202",
            "earning_per_share_yoy": "-22.92138",
            "earning_per_share_qoq": null,
            "gpm": "11.36213",
            "gross_profit": "252209663633",
            "net_profit": "92950604143",
            "net_profit_yoy": "-22.33661",
            "net_profit_qoq": null,
            "npm": "4.18746",
            "revenue": "2219738670000",
            "revenue_yoy": "-4.98324",
            "revenue_qoq": null,
            "roa": "3.841",
            "roe": "10.60059",
            "sga": "65002297170",
            "sga_per_revenue": "2.92838",
            "total_debt": "1183399062418",
            "dividend_yield": "4.55",
            "book_value_per_share": "30.31",
            "close": "37.4367",
            "mkt_cap": "1256771835000",
            "price_earning_ratio": "13.22",
            "price_book_value": "1.45",
            "ev_per_ebit_da": "6.79079",
            "ebit_dattm": null,
            "paid_up_capital": null,
            "cash_cycle": "35.8303",
            "operating_activities": "265107383472",
            "investing_activities": "-188218211016",
            "financing_activities": "-70225665494",
            "asset": "2484438679992",
            "end_of_year_date": "2019-12-31T00:00:00+07:00"
        },
        {
            "security_id": "4b742b34-8a05-4f6c-b06f-a5f55ec12383",
            "fiscal": 2020,
            "quarter": 1,
            "cash": "224345000000",
            "da": "35865429773",
            "debt_to_equity": "1.41064",
            "equity": "866768868542",
            "earning_per_share": "-0.057",
            "earning_per_share_yoy": null,
            "earning_per_share_qoq": null,
            "gpm": "3.58806",
            "gross_profit": "17350682591",
            "net_profit": "-1554358470",
            "net_profit_yoy": null,
            "net_profit_qoq": null,
            "npm": "-0.32144",
            "revenue": "483566985570",
            "revenue_yoy": "-12.21815",
            "revenue_qoq": "-13.6651",
            "roa": "-0.24949",
            "roe": "-0.71245",
            "sga": "13561599626",
            "sga_per_revenue": "2.80449",
            "total_debt": "1222702199654",
            "dividend_yield": "6.5",
            "book_value_per_share": null,
            "close": "26.4518",
            "mkt_cap": "878312134687.5",
            "price_earning_ratio": null,
            "price_book_value": null,
            "ev_per_ebit_da": "6.87385",
            "ebit_dattm": null,
            "paid_up_capital": null,
            "cash_cycle": "145.64046",
            "operating_activities": "61242965714",
            "investing_activities": "-69217874363",
            "financing_activities": "-27056372427",
            "asset": "2499665548643",
            "end_of_year_date": null
        },
        {
            "security_id": "bfb5e16e-a374-4085-8e85-a56d641e483d",
            "fiscal": 2020,
            "quarter": 2,
            "cash": "257858000000",
            "da": "34602127043",
            "debt_to_equity": "1.37095",
            "equity": "862750795272",
            "earning_per_share": "0.4209",
            "earning_per_share_yoy": "-53.12396",
            "earning_per_share_qoq": null,
            "gpm": "11.21856",
            "gross_profit": "38291764732",
            "net_profit": "12053292376",
            "net_profit_yoy": "-53.53062",
            "net_profit_qoq": null,
            "npm": "3.53132",
            "revenue": "341325033920",
            "revenue_yoy": "-40.15231",
            "revenue_qoq": "-29.41515",
            "roa": "1.94842",
            "roe": "5.57532",
            "sga": "14896895082",
            "sga_per_revenue": "4.36443",
            "total_debt": "1182785248729",
            "dividend_yield": "5.3",
            "book_value_per_share": "30.35",
            "close": "33.6659",
            "mkt_cap": "1078253108437.5",
            "price_earning_ratio": "17.37",
            "price_book_value": "1.24",
            "ev_per_ebit_da": "8.28809",
            "ebit_dattm": null,
            "paid_up_capital": null,
            "cash_cycle": "188.96967",
            "operating_activities": "38197213869",
            "investing_activities": "-61675809356",
            "financing_activities": "21171036539",
            "asset": "2449276586515",
            "end_of_year_date": null
        },
        {
            "security_id": "6aecd23f-9d82-43f8-97ed-7c4ecb47767c",
            "fiscal": 2020,
            "quarter": 3,
            "cash": "308160000000",
            "da": "34589431253",
            "debt_to_equity": "1.45015",
            "equity": "877624984682",
            "earning_per_share": "0.4928",
            "earning_per_share_yoy": "-29.51945",
            "earning_per_share_qoq": "17.08244",
            "gpm": "13.76337",
            "gross_profit": "52796069529",
            "net_profit": "14120183128",
            "net_profit_yoy": "-30.28614",
            "net_profit_qoq": "17.14794",
            "npm": "3.68098",
            "revenue": "383598519239",
            "revenue_yoy": "-28.75693",
            "revenue_qoq": "12.38511",
            "roa": "2.25533",
            "roe": "6.49064",
            "sga": "14120020894",
            "sga_per_revenue": "3.68094",
            "total_debt": "1272691496978",
            "dividend_yield": "6.25",
            "book_value_per_share": "30.21",
            "close": "29.0136",
            "mkt_cap": "914015880000",
            "price_earning_ratio": "18.96",
            "price_book_value": "1.06",
            "ev_per_ebit_da": "7.97375",
            "ebit_dattm": null,
            "paid_up_capital": null,
            "cash_cycle": "170.48631",
            "operating_activities": "52795669344",
            "investing_activities": "-52746434518",
            "financing_activities": "42835505374",
            "asset": "2559369931607",
            "end_of_year_date": null
        },
        {
            "security_id": "46b11cdc-06c8-467f-9ece-ecca1620bfe5",
            "fiscal": 2020,
            "quarter": 4,
            "cash": "332032000000",
            "da": "34822652186",
            "debt_to_equity": "1.42662",
            "equity": "882040401831",
            "earning_per_share": "0.4601",
            "earning_per_share_yoy": "-21.83146",
            "earning_per_share_qoq": "-6.63555",
            "gpm": "14.87751",
            "gross_profit": "60577413390",
            "net_profit": "13146691321",
            "net_profit_yoy": "-24.64312",
            "net_profit_qoq": "-6.89433",
            "npm": "3.22876",
            "revenue": "407174461271",
            "revenue_yoy": "-27.30404",
            "revenue_qoq": "6.14599",
            "roa": "2.06079",
            "roe": "5.97691",
            "sga": "26212869534",
            "sga_per_revenue": "6.43775",
            "total_debt": "1258337789836",
            "dividend_yield": "4.71",
            "book_value_per_share": "30.73",
            "close": "37.366",
            "mkt_cap": "1213927340625",
            "price_earning_ratio": "28.86",
            "price_book_value": "1.38",
            "ev_per_ebit_da": "9.16461",
            "ebit_dattm": null,
            "paid_up_capital": null,
            "cash_cycle": "158.56737",
            "operating_activities": "66355900972",
            "investing_activities": "-4943493649",
            "financing_activities": "-28890486446",
            "asset": "2544182883923",
            "end_of_year_date": null
        },
        {
            "security_id": "5b583fe3-3772-4e66-8ae4-efaab4645b6d",
            "fiscal": 2020,
            "quarter": 9,
            "cash": "332032000000",
            "da": "139879640255",
            "debt_to_equity": "1.42662",
            "equity": "882040401831",
            "earning_per_share": "1.3168",
            "earning_per_share_yoy": "-58.8757",
            "earning_per_share_qoq": null,
            "gpm": "10.46108",
            "gross_profit": "169015930242",
            "net_profit": "37765808355",
            "net_profit_yoy": "-59.37002",
            "net_profit_qoq": null,
            "npm": "2.33748",
            "revenue": "1615665000000",
            "revenue_yoy": "-27.21373",
            "revenue_qoq": null,
            "roa": "1.50203",
            "roe": "4.29",
            "sga": "68791385136",
            "sga_per_revenue": "4.25778",
            "total_debt": "1258337789836",
            "dividend_yield": "4.71",
            "book_value_per_share": "30.73",
            "close": "37.366",
            "mkt_cap": "1213927340625",
            "price_earning_ratio": "28.86",
            "price_book_value": "1.38",
            "ev_per_ebit_da": "9.16461",
            "ebit_dattm": null,
            "paid_up_capital": null,
            "cash_cycle": "41.68013",
            "operating_activities": "218591749899",
            "investing_activities": "-188583611886",
            "financing_activities": "8059683040",
            "asset": "2544182883923",
            "end_of_year_date": "2020-12-31T00:00:00+07:00"
        },
        {
            "security_id": "1a2401fd-d9e1-4c81-ab03-38d5674d6c6b",
            "fiscal": 2021,
            "quarter": 1,
            "cash": "319193000000",
            "da": "35035593135",
            "debt_to_equity": "1.40873",
            "equity": "953735250332",
            "earning_per_share": "1.1386",
            "earning_per_share_yoy": null,
            "earning_per_share_qoq": "147.46794",
            "gpm": "18.39501",
            "gross_profit": "87898125004",
            "net_profit": "32587613272",
            "net_profit_yoy": null,
            "net_profit_qoq": "147.87692",
            "npm": "6.81982",
            "revenue": "477836728166",
            "revenue_yoy": "-1.185",
            "revenue_qoq": "17.3543",
            "roa": "4.92735",
            "roe": "14.20113",
            "sga": "16944871827",
            "sga_per_revenue": "3.54616",
            "total_debt": "1343556824825",
            "dividend_yield": "2.44",
            "book_value_per_share": "30.88",
            "close": "36.5585",
            "mkt_cap": "1171082846250",
            "price_earning_ratio": "31.01",
            "price_book_value": "1.33",
            "ev_per_ebit_da": "7.29599",
            "ebit_dattm": null,
            "paid_up_capital": null,
            "cash_cycle": "149.75419",
            "operating_activities": "50440149460",
            "investing_activities": "-145305525006",
            "financing_activities": "83952301987",
            "asset": "2746714788179",
            "end_of_year_date": null
        },
        {
            "security_id": "9ce0a5bd-272f-4928-a155-201b7c743845",
            "fiscal": 2021,
            "quarter": 2,
            "cash": "291414000000",
            "da": "38608287831",
            "debt_to_equity": "1.4524",
            "equity": "969422970893",
            "earning_per_share": "0.86",
            "earning_per_share_yoy": "104.32407",
            "earning_per_share_qoq": "-24.46865",
            "gpm": "17.9884",
            "gross_profit": "95924313005",
            "net_profit": "24578663746",
            "net_profit_yoy": "103.9166",
            "net_profit_qoq": "-24.57667",
            "npm": "4.60916",
            "revenue": "533256452741",
            "revenue_yoy": "56.23128",
            "revenue_qoq": "11.59805",
            "roa": "3.52976",
            "roe": "10.22429",
            "sga": "17591729440",
            "sga_per_revenue": "3.29892",
            "total_debt": "1407994378370",
            "dividend_yield": "2.55",
            "book_value_per_share": "33.39",
            "close": "34.9885",
            "mkt_cap": "1121097602812.5",
            "price_earning_ratio": "15.59",
            "price_book_value": "1.18",
            "ev_per_ebit_da": "6.50726",
            "ebit_dattm": null,
            "paid_up_capital": null,
            "cash_cycle": "162.03697",
            "operating_activities": "64707573079",
            "investing_activities": "-58412331351",
            "financing_activities": "-33379657828",
            "asset": "2823897063365",
            "end_of_year_date": null
        },
        {
            "security_id": "5f7861b8-8b31-455c-b526-87c338647a46",
            "fiscal": 2021,
            "quarter": 3,
            "cash": "372074000000",
            "da": "39295512087",
            "debt_to_equity": "1.56877",
            "equity": "978628722190",
            "earning_per_share": "0.82",
            "earning_per_share_yoy": "66.3961",
            "earning_per_share_qoq": "-4.65116",
            "gpm": "17.1285",
            "gross_profit": "95729071840",
            "net_profit": "23652827767",
            "net_profit_yoy": "67.51077",
            "net_profit_qoq": "-3.76683",
            "npm": "4.23212",
            "revenue": "558887799114",
            "revenue_yoy": "45.69603",
            "revenue_qoq": "4.80657",
            "roa": "3.26589",
            "roe": "9.71343",
            "sga": "15910394138",
            "sga_per_revenue": "2.8468",
            "total_debt": "1535241912305",
            "dividend_yield": "2.56",
            "book_value_per_share": "33.94",
            "close": "35.8258",
            "mkt_cap": "1113956853750",
            "price_earning_ratio": "13.19",
            "price_book_value": "1.15",
            "ev_per_ebit_da": "6.13002",
            "ebit_dattm": null,
            "paid_up_capital": null,
            "cash_cycle": "161.81389",
            "operating_activities": "101580001870",
            "investing_activities": "-31762229932",
            "financing_activities": "21164859646",
            "asset": "2970001995431",
            "end_of_year_date": null
        },
        {
            "security_id": "8392b34f-c881-4e06-b1b8-99d435544ad5",
            "fiscal": 2021,
            "quarter": 4,
            "cash": "312730000000",
            "da": "33850386596",
            "debt_to_equity": "1.5944",
            "equity": "1006696222041",
            "earning_per_share": "0.97",
            "earning_per_share_yoy": "110.82373",
            "earning_per_share_qoq": "18.29268",
            "gpm": "14.08388",
            "gross_profit": "97014978701",
            "net_profit": "27544306049",
            "net_profit_yoy": "109.51512",
            "net_profit_qoq": "16.45249",
            "npm": "3.99867",
            "revenue": "688837019979",
            "revenue_yoy": "69.17491",
            "revenue_qoq": "23.2514",
            "roa": "3.64341",
            "roe": "11.09916",
            "sga": "32597886289",
            "sga_per_revenue": "4.73231",
            "total_debt": "1605079111344",
            "dividend_yield": "2.63",
            "book_value_per_share": "34.26",
            "close": "35.1323",
            "mkt_cap": "1085393857500",
            "price_earning_ratio": "11.55",
            "price_book_value": "1.11",
            "ev_per_ebit_da": "5.92399",
            "ebit_dattm": null,
            "paid_up_capital": null,
            "cash_cycle": "131.60607",
            "operating_activities": "105696966417",
            "investing_activities": "-149828148448",
            "financing_activities": "-25547482831",
            "asset": "3078018833338",
            "end_of_year_date": null
        },
        {
            "security_id": "3bbf8dae-2535-4d76-bdd0-2f282d7b59b1",
            "fiscal": 2021,
            "quarter": 9,
            "cash": "312730000000",
            "da": "146789779649",
            "debt_to_equity": "1.5944",
            "equity": "1006696222041",
            "earning_per_share": "3.7886",
            "earning_per_share_yoy": null,
            "earning_per_share_qoq": null,
            "gpm": "16.67095",
            "gross_profit": "376566488550",
            "net_profit": "152067617847",
            "net_profit_yoy": null,
            "net_profit_qoq": null,
            "npm": "6.73218",
            "revenue": "2258818000000",
            "revenue_yoy": "39.80732",
            "revenue_qoq": null,
            "roa": "5.40954",
            "roe": "16.10258",
            "sga": "83044881694",
            "sga_per_revenue": "3.67648",
            "total_debt": "1605079111344",
            "dividend_yield": "2.63",
            "book_value_per_share": "34.26",
            "close": "35.1323",
            "mkt_cap": "1085393857500",
            "price_earning_ratio": "11.55",
            "price_book_value": "1.11",
            "ev_per_ebit_da": "5.92399",
            "ebit_dattm": null,
            "paid_up_capital": null,
            "cash_cycle": "33.78347",
            "operating_activities": "322424690826",
            "investing_activities": "-385308234737",
            "financing_activities": "46190020974",
            "asset": "3078018833338",
            "end_of_year_date": "2021-12-31T00:00:00+07:00"
        },
        {
            "security_id": "cd601380-5e70-45fe-8261-b307d98a8dae",
            "fiscal": 2022,
            "quarter": 1,
            "cash": "377509965575",
            "da": "37145252414",
            "debt_to_equity": "1.76377",
            "equity": "1029194538447",
            "earning_per_share": "0.89",
            "earning_per_share_yoy": "-21.83383",
            "earning_per_share_qoq": "-8.24742",
            "gpm": "17.75559",
            "gross_profit": "134669865857",
            "net_profit": "36704187214",
            "net_profit_yoy": "12.63233",
            "net_profit_qoq": "33.25508",
            "npm": "4.83927",
            "revenue": "758464592787",
            "revenue_yoy": "58.72882",
            "revenue_qoq": "10.10799",
            "roa": "4.59235",
            "roe": "14.42285",
            "sga": "15611436748",
            "sga_per_revenue": "2.05829",
            "total_debt": "1815258941405",
            "dividend_yield": "5.19",
            "book_value_per_share": null,
            "close": "36.5616",
            "mkt_cap": "1099675355625",
            "price_earning_ratio": null,
            "price_book_value": null,
            "ev_per_ebit_da": "6.34722",
            "ebit_dattm": null,
            "paid_up_capital": null,
            "cash_cycle": "150.86714",
            "operating_activities": "-26702137848",
            "investing_activities": "-38935072160",
            "financing_activities": "130894687770",
            "asset": "3315950290607",
            "end_of_year_date": null
        },
        {
            "security_id": "57089aac-95f8-4711-b828-3b972595cd7c",
            "fiscal": 2022,
            "quarter": 2,
            "cash": "369434863182",
            "da": "40313406225",
            "debt_to_equity": "1.83591",
            "equity": "1074188962076",
            "earning_per_share": "1.37",
            "earning_per_share_yoy": "59.30233",
            "earning_per_share_qoq": "53.93258",
            "gpm": "18.91978",
            "gross_profit": "175377615333",
            "net_profit": "53678531317",
            "net_profit_yoy": "118.39483",
            "net_profit_qoq": "46.24634",
            "npm": "5.79085",
            "revenue": "926953963757",
            "revenue_yoy": "73.82893",
            "revenue_qoq": "22.21453",
            "roa": "6.26826",
            "roe": "20.41607",
            "sga": "18949078621",
            "sga_per_revenue": "2.04423",
            "total_debt": "1972112024355",
            "dividend_yield": "5.88",
            "book_value_per_share": "36.03",
            "close": "32.5516",
            "mkt_cap": "971141872500",
            "price_earning_ratio": "9.58",
            "price_book_value": "0.94",
            "ev_per_ebit_da": "5.88326",
            "ebit_dattm": null,
            "paid_up_capital": null,
            "cash_cycle": "163.8149",
            "operating_activities": "39719011297",
            "investing_activities": "-52183341494",
            "financing_activities": "8102505721",
            "asset": "3534886537382",
            "end_of_year_date": null
        },
        {
            "security_id": "1635abf2-9b8b-4750-970e-d1d6ac2e93d7",
            "fiscal": 2022,
            "quarter": 3,
            "cash": "322366057961",
            "da": "45189880943",
            "debt_to_equity": "1.85319",
            "equity": "1075094175185",
            "earning_per_share": "0.31",
            "earning_per_share_yoy": "-62.19512",
            "earning_per_share_qoq": "-77.37226",
            "gpm": "9.23454",
            "gross_profit": "81689730538",
            "net_profit": "8884151535",
            "net_profit_yoy": "-62.43937",
            "net_profit_qoq": "-83.44934",
            "npm": "1.0043",
            "revenue": "884610550404",
            "revenue_yoy": "58.28053",
            "revenue_qoq": "-4.56802",
            "roa": "1.00038",
            "roe": "3.30683",
            "sga": "23646231051",
            "sga_per_revenue": "2.67307",
            "total_debt": "1992356683210",
            "dividend_yield": "5.88",
            "book_value_per_share": "37.61",
            "close": "33.2563",
            "mkt_cap": "971141872500",
            "price_earning_ratio": "8.4",
            "price_book_value": "0.9",
            "ev_per_ebit_da": "6.222",
            "ebit_dattm": null,
            "paid_up_capital": null,
            "cash_cycle": "196.45452",
            "operating_activities": "15141771810",
            "investing_activities": "-37481348806",
            "financing_activities": "-14223529115",
            "asset": "3569750768069",
            "end_of_year_date": null
        },
        {
            "security_id": "3e9b455b-7a14-4179-94a6-32c7481c71b2",
            "fiscal": 2022,
            "quarter": 4,
            "cash": "340054000000",
            "da": "44681059441",
            "debt_to_equity": "1.78791",
            "equity": "1052590877785",
            "earning_per_share": "0.63",
            "earning_per_share_yoy": "-35.05155",
            "earning_per_share_qoq": "103.22581",
            "gpm": "8.62295",
            "gross_profit": "68739922464",
            "net_profit": "17872011956",
            "net_profit_yoy": "-35.1154",
            "net_profit_qoq": "101.16735",
            "npm": "2.24192",
            "revenue": "797173893052",
            "revenue_yoy": "15.7275",
            "revenue_qoq": "-9.8842",
            "roa": "2.04679",
            "roe": "6.7198",
            "sga": "39808366657",
            "sga_per_revenue": "4.99369",
            "total_debt": "1881939526973",
            "dividend_yield": "6.02",
            "book_value_per_share": "37.64",
            "close": "32.5227",
            "mkt_cap": "949719625312.5",
            "price_earning_ratio": "9.42",
            "price_book_value": "0.88",
            "ev_per_ebit_da": "5.95849",
            "ebit_dattm": null,
            "paid_up_capital": null,
            "cash_cycle": "205.1065",
            "operating_activities": "163541052627",
            "investing_activities": "-58090575192",
            "financing_activities": "-74105192944",
            "asset": "3415632291906",
            "end_of_year_date": null
        },
        {
            "security_id": "a0c5e7b6-ec12-49ab-b72b-463b94689df0",
            "fiscal": 2022,
            "quarter": 9,
            "cash": "340054000000",
            "da": "167329599023",
            "debt_to_equity": "1.78791",
            "equity": "1052590877785",
            "earning_per_share": "3.2",
            "earning_per_share_yoy": null,
            "earning_per_share_qoq": null,
            "gpm": "13.67536",
            "gross_profit": "460477134192",
            "net_profit": "122099666052",
            "net_profit_yoy": null,
            "net_profit_qoq": null,
            "npm": "3.62615",
            "revenue": "3367203000000",
            "revenue_yoy": "49.06925",
            "revenue_qoq": null,
            "roa": "3.76059",
            "roe": "11.85844",
            "sga": "98015113077",
            "sga_per_revenue": "2.91088",
            "total_debt": "1881939526973",
            "dividend_yield": "6.02",
            "book_value_per_share": "37.64",
            "close": "32.5227",
            "mkt_cap": "949719625312.5",
            "price_earning_ratio": "9.42",
            "price_book_value": "0.88",
            "ev_per_ebit_da": "5.95849",
            "ebit_dattm": null,
            "paid_up_capital": null,
            "cash_cycle": "35.23026",
            "operating_activities": "191699697886",
            "investing_activities": "-186690337652",
            "financing_activities": "50668471432",
            "asset": "3415632291906",
            "end_of_year_date": "2022-12-31T00:00:00+07:00"
        },
        {
            "security_id": "1f9b1a45-84ae-4939-a37f-1f297788eb9c",
            "fiscal": 2023,
            "quarter": 1,
            "cash": "397747257229",
            "da": "41258259967",
            "debt_to_equity": "1.7207",
            "equity": "1075865229072",
            "earning_per_share": "0.98",
            "earning_per_share_yoy": "10.11236",
            "earning_per_share_qoq": "55.55556",
            "gpm": "12.20822",
            "gross_profit": "92378324690",
            "net_profit": "39755648818",
            "net_profit_yoy": "8.31366",
            "net_profit_qoq": "122.44641",
            "npm": "5.25389",
            "revenue": "756689837601",
            "revenue_yoy": "-0.23399",
            "revenue_qoq": "-5.07845",
            "roa": "4.65489",
            "roe": "14.94253",
            "sga": "18263460788",
            "sga_per_revenue": "2.4136",
            "total_debt": "1851237252905",
            "dividend_yield": "6.35",
            "book_value_per_share": null,
            "close": "31.5",
            "mkt_cap": "899734381875",
            "price_earning_ratio": null,
            "price_book_value": null,
            "ev_per_ebit_da": "5.46819",
            "ebit_dattm": null,
            "paid_up_capital": null,
            "cash_cycle": "189.43976",
            "operating_activities": "103449471089",
            "investing_activities": "-56731139197",
            "financing_activities": "-8597788780",
            "asset": "3416864302225",
            "end_of_year_date": null
        },
        {
            "security_id": "04fc759b-3393-472b-b297-fdb073da18b7",
            "fiscal": 2023,
            "quarter": 2,
            "cash": "398546314123",
            "da": "41040127827",
            "debt_to_equity": "1.66696",
            "equity": "1097293106616",
            "earning_per_share": "0.7",
            "earning_per_share_yoy": "-48.90511",
            "earning_per_share_qoq": "-28.57143",
            "gpm": "10.36313",
            "gross_profit": "80631870585",
            "net_profit": "20106886996",
            "net_profit_yoy": "-62.54203",
            "net_profit_qoq": "-49.42382",
            "npm": "2.58422",
            "revenue": "778064899131",
            "revenue_yoy": "-16.06219",
            "revenue_qoq": "2.82481",
            "roa": "2.35223",
            "roe": "7.4019",
            "sga": "18542404409",
            "sga_per_revenue": "2.38314",
            "total_debt": "1829144697208",
            "dividend_yield": "6.35",
            "book_value_per_share": "37.666",
            "close": "33.5",
            "mkt_cap": "892593700864",
            "price_earning_ratio": "9.4411",
            "price_book_value": "0.8502",
            "ev_per_ebit_da": "4.3024",
            "ebit_dattm": null,
            "paid_up_capital": null,
            "cash_cycle": "169.43041",
            "operating_activities": "104931219867",
            "investing_activities": "-56731139197",
            "financing_activities": "-54636128449",
            "asset": "3421536972399",
            "end_of_year_date": null
        },
        {
            "security_id": "64e4747a-449f-4d4d-ab28-33e39405a29c",
            "fiscal": 2023,
            "quarter": 3,
            "cash": "401914653734",
            "da": "48387576918",
            "debt_to_equity": "1.69584",
            "equity": "1123763884218",
            "earning_per_share": "1.09",
            "earning_per_share_yoy": "251.6129",
            "earning_per_share_qoq": "55.71429",
            "gpm": "15.91028",
            "gross_profit": "127709112499",
            "net_profit": "31297137353",
            "net_profit_yoy": "252.28054",
            "net_profit_qoq": "55.65382",
            "npm": "3.89906",
            "revenue": "802683219320",
            "revenue_yoy": "-9.2614",
            "revenue_qoq": "3.16404",
            "roa": "3.59789",
            "roe": "11.27288",
            "sga": "19671410087",
            "sga_per_revenue": "2.45071",
            "total_debt": "1905724310882",
            "dividend_yield": "4.48",
            "book_value_per_share": "38.417",
            "close": "32.6754",
            "mkt_cap": "956860465152",
            "price_earning_ratio": "12.6894",
            "price_book_value": "0.8502",
            "ev_per_ebit_da": "4.3024",
            "ebit_dattm": null,
            "paid_up_capital": null,
            "cash_cycle": "162.77703",
            "operating_activities": "87310856776",
            "investing_activities": null,
            "financing_activities": "-39816145894",
            "asset": "3537458063230",
            "end_of_year_date": null
        },
        {
            "security_id": "4bf0d524-b355-4cb5-ac8c-c32b2d39829a",
            "fiscal": 2023,
            "quarter": 4,
            "cash": "417133806030",
            "da": "42379000000",
            "debt_to_equity": "1.63708",
            "equity": "1121197884810",
            "earning_per_share": "1.15",
            "earning_per_share_yoy": "82.53968",
            "earning_per_share_qoq": "5.50459",
            "gpm": "9.50664",
            "gross_profit": "76729287191",
            "net_profit": "32765012770",
            "net_profit_yoy": "83.33142",
            "net_profit_qoq": "4.69013",
            "npm": "4.05953",
            "revenue": "807112872476",
            "revenue_yoy": "1.24678",
            "revenue_qoq": "0.55186",
            "roa": "3.74569",
            "roe": "11.67593",
            "sga": "30412207294",
            "sga_per_revenue": "3.76802",
            "total_debt": "1835486491291",
            "dividend_yield": "4.2",
            "book_value_per_share": "39.343",
            "close": "35.75",
            "mkt_cap": "1021127229440",
            "price_earning_ratio": "10.4532",
            "price_book_value": "0.9087",
            "ev_per_ebit_da": "4.11",
            "ebit_dattm": null,
            "paid_up_capital": null,
            "cash_cycle": "162.77645",
            "operating_activities": "81282510435",
            "investing_activities": null,
            "financing_activities": "-27154224904",
            "asset": "3460461896360",
            "end_of_year_date": null
        },
        {
            "security_id": "7244233e-4310-470a-9177-0ed9615d4065",
            "fiscal": 2023,
            "quarter": 9,
            "cash": "417133806030",
            "da": "173065000000",
            "debt_to_equity": "1.63708",
            "equity": "1121197884810",
            "earning_per_share": "3.92",
            "earning_per_share_yoy": null,
            "earning_per_share_qoq": null,
            "gpm": "12.00326",
            "gross_profit": "377448594965",
            "net_profit": "112023880947",
            "net_profit_yoy": "-8.2521",
            "net_profit_qoq": null,
            "npm": "3.56248",
            "revenue": "3144550828528",
            "revenue_yoy": "-6.61238",
            "revenue_qoq": null,
            "roa": "3.25836",
            "roe": "10.30679",
            "sga": "86889482578",
            "sga_per_revenue": "2.76318",
            "total_debt": "1835486491291",
            "dividend_yield": "4.2",
            "book_value_per_share": "39.343",
            "close": "35.75",
            "mkt_cap": "1021127229440",
            "price_earning_ratio": "10.4532",
            "price_book_value": "0.9087",
            "ev_per_ebit_da": "4.11",
            "ebit_dattm": null,
            "paid_up_capital": null,
            "cash_cycle": "43.17652",
            "operating_activities": "352855149878",
            "investing_activities": null,
            "financing_activities": "-98671893644",
            "asset": "3460461896360",
            "end_of_year_date": "2023-12-31T00:00:00+07:00"
        },
        {
            "security_id": "ac38c884-b508-4299-ac6b-825eae5e9dfc",
            "fiscal": 2024,
            "quarter": 1,
            "cash": null,
            "da": null,
            "debt_to_equity": null,
            "equity": null,
            "earning_per_share": null,
            "earning_per_share_yoy": null,
            "earning_per_share_qoq": null,
            "gpm": null,
            "gross_profit": null,
            "net_profit": null,
            "net_profit_yoy": null,
            "net_profit_qoq": null,
            "npm": null,
            "revenue": null,
            "revenue_yoy": null,
            "revenue_qoq": null,
            "roa": null,
            "roe": null,
            "sga": null,
            "sga_per_revenue": null,
            "total_debt": null,
            "dividend_yield": "7.11",
            "book_value_per_share": "39.254",
            "close": "33.75",
            "mkt_cap": "971142004736",
            "price_earning_ratio": "8.6735",
            "price_book_value": "0.8598",
            "ev_per_ebit_da": "3.7137",
            "ebit_dattm": null,
            "paid_up_capital": null,
            "cash_cycle": null,
            "operating_activities": null,
            "investing_activities": null,
            "financing_activities": null,
            "asset": null,
            "end_of_year_date": null
        },
        {
            "security_id": "203d092a-fdca-4a18-ba60-05b54418b934",
            "fiscal": 2024,
            "quarter": 2,
            "cash": null,
            "da": null,
            "debt_to_equity": null,
            "equity": null,
            "earning_per_share": null,
            "earning_per_share_yoy": null,
            "earning_per_share_qoq": null,
            "gpm": null,
            "gross_profit": null,
            "net_profit": null,
            "net_profit_yoy": null,
            "net_profit_qoq": null,
            "npm": null,
            "revenue": null,
            "revenue_yoy": null,
            "revenue_qoq": null,
            "roa": null,
            "roe": null,
            "sga": null,
            "sga_per_revenue": null,
            "total_debt": null,
            "dividend_yield": "7.11",
            "book_value_per_share": "39.254",
            "close": "33.75",
            "mkt_cap": "964001202176",
            "price_earning_ratio": "8.6097",
            "price_book_value": "0.8853",
            "ev_per_ebit_da": "3.761",
            "ebit_dattm": null,
            "paid_up_capital": null,
            "cash_cycle": null,
            "operating_activities": null,
            "investing_activities": null,
            "financing_activities": null,
            "asset": null,
            "end_of_year_date": null
        }
    ]
}